1856 2963
133 186 212 216 1302
636 187 833 218 ANNALES
859 187 1115 219 GANDENSES
1581 194 1620 222 29

131 272 220 305 tate
242 272 286 305 et
309 264 500 320 dampno
523 264 606 305 sibi
634 264 767 305 illatis
791 280 811 305 a
832 264 1090 323 Flamingis,
1116 266 1333 324 simulque
1356 268 1614 319 ostendens,

131 331 175 373 in
197 333 402 373 omnibus
425 332 639 390 predictis
660 332 918 389 gravissime
940 333 1074 374 lesam
1105 350 1200 375 esse
1223 335 1390 393 regiam
1419 337 1618 393 majesta-

130 408 234 442 tem.
259 400 385 443 Unde
414 416 503 450 rex,
543 400 597 441 de
628 400 813 441 consilio
842 401 1056 443 baronum
1082 411 1125 443 et
1153 405 1494 445 camerariorum
1517 421 1617 445 suo-

128 485 242 518 rum,
266 469 328 510 sic
346 468 462 510 enim
477 477 690 510 vocantur
706 467 849 510 intimi
872 469 1114 511 consiliarii
1133 471 1216 522 sui,
1241 480 1477 513 convocata
1500 471 1617 513 omni

128 537 282 579 militia
307 536 512 587 Francie,
544 536 806 594 Campanie,
828 538 1120 589 Normannie,
1146 538 1370 589 Picardie,
1399 539 1614 590 pictavie,

128 623 256 664 qnam
271 607 533 649 contrahere
549 614 739 664 poterat,
764 604 980 646 conducta
999 605 1130 647 etiam
1157 623 1313 665 magna
1335 607 1618 650 multitndIne

128 675 315 716 militum
361 674 606 732 peritorum
649 673 693 714 in
738 672 883 724 bellis,
923 682 966 714 et
1008 673 1222 715 nobilium
1266 684 1386 717 extra
1429 692 1615 734 regnum

128 760 269 792 suum,
295 743 465 785 scilieet
489 743 542 783 de
569 742 727 783 ducatu
752 749 795 782 et
816 742 1024 782 comitatu
1049 742 1335 800 Lotharingie
1355 752 1397 784 et
1423 744 1616 785 Braban-

125 811 200 860 tie,
232 811 456 862 Hanonie,
488 810 775 868 congregavit
801 810 1041 850 exercitum
1070 809 1358 852 fortissimum
1391 821 1432 853 et
1463 812 1615 869 eopio-

127 896 238 930 sum,
266 879 503 936 posuitque
532 894 665 934 super
690 893 788 918 eum
817 893 897 934 pro
921 893 966 918 se
989 877 1145 918 ducem
1174 879 1418 920 Robertum
1437 912 1445 928 ,
1477 879 1615 920 comi-

124 957 211 989 tem
239 948 596 993 Atrebatensem,
628 954 861 1003 cognatum
887 962 1033 996 suuni,
1064 954 1106 986 et
1141 947 1402 988 avunculum
1438 948 1612 1005 regine,

124 1017 262 1057 virum
289 1016 442 1057 sortem
464 1023 507 1055 et
529 1013 721 1055 nobilem
744 1022 785 1055 et
814 1013 1060 1055 animosum
1084 1022 1126 1055 et
1151 1030 1171 1054 a
1189 1016 1421 1071 juventute
1445 1014 1487 1055 in
1514 1032 1614 1071 pre-

124 1083 194 1125 liis
229 1084 516 1125 exercitatum
551 1092 592 1124 et
620 1091 849 1139 expertum
878 1081 920 1123 in
944 1082 1262 1124 torneamentis
1290 1100 1296 1123 :
1330 1083 1473 1124 fuerat
1498 1085 1612 1125 enim

124 1151 166 1192 in
208 1153 402 1209 quinque
432 1151 498 1192 vel
540 1168 613 1192 sex
656 1150 894 1192 mortiferis
936 1151 1064 1192 bellis
1100 1150 1397 1208 triumphator
1415 1152 1439 1193 ¹.
1487 1151 1614 1193 Circa

124 1221 253 1261 linem
284 1220 447 1261 mensis
470 1219 634 1269 Juniis,
666 1220 888 1260 Robertus
918 1235 1063 1260 comes
1093 1220 1318 1276 profectus
1346 1236 1442 1260 cum
1469 1221 1611 1261 omni-

123 1289 204 1329 bus
232 1288 468 1329 comitibus
504 1287 594 1328 fere
625 1296 666 1327 ct
690 1286 930 1328 baronibus
954 1288 1138 1328 Francie
1165 1288 1217 1328 ad
1242 1287 1405 1328 bellum
1429 1288 1542 1345 aptis
1572 1298 1614 1329 et

122 1357 333 1406 exercitu,
359 1372 485 1412 quem
508 1372 583 1396 rex
599 1371 870 1413 congregare
896 1364 1115 1412 potuerat,
1133 1355 1309 1397 circiter
1329 1358 1399 1401 .X,
1426 1356 1612 1397 millium

121 1424 335 1481 equitum,
362 1432 404 1465 et
432 1424 758 1465 balistariorum
790 1432 832 1465 et
861 1424 1058 1480 peditum
1088 1440 1318 1465 numerum
1351 1432 1438 1465 tam
1476 1424 1612 1465 maxi-

123 1508 254 1545 mum,
293 1509 422 1550 quem
457 1491 703 1549 exprimere
741 1508 827 1533 non
862 1492 1028 1542 audivi,
1064 1492 1181 1533 venit
1211 1492 1448 1533 Insula1n3.
1482 1493 1611 1546 Quod

120 1561 264 1601 Guido
285 1570 326 1602 et
348 1560 613 1604 NVilhelmns
636 1576 714 1617 per
737 1560 1039 1616 exploratores
1060 1569 1398 1618 cognoscentes,
1422 1569 1465 1601 et
1481 1561 1610 1601 etiam

118 1628 235 1685 quod
268 1644 419 1669 versus
445 1629 704 1669 Curtracum
733 1628 972 1669 exercitum
998 1644 1123 1669 suum
1155 1628 1318 1669 (lucere
1352 1629 1609 1685 proposuit,

118 1704 163 1737 nt
186 1696 482 1738 Flanclrenses
511 1696 564 1737 de
593 1696 825 1737 obsidione
851 1695 983 1737 castri
1015 1696 1229 1753 abjiceret
1256 1706 1297 1737 et
1326 1696 1544 1755 abigeret,
1576 1697 1612 1738 si

117 1770 282 1818 posset,
311 1778 362 1803 eo
385 1762 501 1818 quod
529 1761 571 1802 in
595 1770 739 1803 castro
768 1762 1008 1803 existentes
1036 1778 1086 1802 ex
1116 1770 1239 1818 parte
1265 1762 1381 1819 regis
1412 1778 1497 1802 non
1528 1761 1610 1802 nisi

117 1829 170 1869 ad
212 1829 400 1886 spatium
447 1830 633 1871 duorum
673 1831 889 1871 mensium
928 1839 1053 1871 erant
1096 1829 1275 1885 provisi,
1326 1830 1604 1881 XVilhclmus,

117 1897 281 1939 relictis
325 1899 430 1939 satis
477 1898 624 1939 multis
678 1898 731 1939 ad
775 1897 1071 1939 obsidendum
1115 1907 1306 1939 castrum
1354 1898 1577 1939 Casletum
1598 1930 1607 1947 ,

116 1974 340 2023 assumpto
375 1982 522 2007 secum
557 1966 751 2006 exercitu
792 1982 949 2023 magno
990 1966 1044 2007 de
1081 1965 1286 2006 Flandria
1322 1965 1604 2015 occidentali,

116 2034 168 2074 ad
197 2034 488 2076 advnncnlum
518 2050 643 2075 suum
668 2034 917 2076 (luidonem
948 2036 1206 2075 Curtraeum
1240 2034 1463 2090 profectus
1492 2034 1604 2074 est4.

173 2102 296 2143 Circa
326 2102 441 2143 istud
469 2111 642 2159 tempus
677 2111 796 2142 tanta
834 2101 913 2142 suit
947 2101 1121 2142 caristia
1161 2110 1204 2142 et
1243 2102 1378 2142 sames
1413 2102 1456 2142 in
1487 2103 1606 2142 Gan-

113 2169 239 2219 davo,
267 2170 385 2227 qnod
412 2171 612 2227 vulgares
636 2170 930 2211 communiter
957 2186 1069 2226 panc
1088 2170 1200 2210 sacto
1223 2170 1276 2211 de
1304 2186 1438 2210 avena
1461 2186 1602 2210 vesce-

159 2347 182 2375 l.
211 2346 337 2376 Robert
354 2347 382 2375 ΙΙ
395 2345 543 2375 ‹tlh-tois
557 2346 650 2375 avait
662 2345 804 2375 conduit
817 2345 1118 2375 victorieuscmcnt
1134 2344 1165 2373 la
1181 2355 1374 2384 campagne
1387 2343 1604 2383 (l'Aquitaine

112 2392 229 2417 contre
247 2388 295 2417 les
314 2388 470 2426 Anglais‚
490 2388 711 2417 commandes
731 2398 794 2426 par
811 2388 896 2416 Jean
912 2387 952 2416 de
972 2386 1183 2423 Saint-Jean,
1203 2391 1235 2415 et
1253 2387 1319 2415 l'on
1339 2397 1357 2415 a
1375 2397 1417 2415 vn
1436 2385 1604 2414 ci-dcssns

112 2434 284 2459 comment
303 2428 325 2458 il
344 2426 447 2458 battit
462 2432 478 2458 a
500 2430 628 2458 Furnos
650 2430 700 2458 les
725 2429 911 2458 Flnmands
940 2439 1020 2457 sous
1048 2429 1097 2457 les
1125 2428 1244 2457 ordros
1275 2428 1315 2456 de
1341 2426 1537 2458 Gnillaumc
1564 2426 1604 2455 de

113 2470 241 2500 Julicrs
260 2471 375 2500 raino.

154 2513 183 2541 2.
208 2512 293 2542 Rob.
310 2512 456 2541 d'Ariois
474 2512 580 2552 partit
597 2512 638 2541 de
659 2512 742 2541 Lens
762 2512 791 2540 lc
816 2512 854 2540 30
875 2511 948 2551 juin
978 2511 1068 2539 ¹1:³02.
1095 2510 1131 2540 V.
1159 2510 1299 2539 Dorum.
1328 2509 1424 2549 publ.
1448 2509 1534 2538 (lans
1553 2509 1602 2538 les

112 2555 207 2582 Me'm.
231 2553 270 2581 dc
288 2553 417 2583 l'Acad.
434 2554 491 2582 (les
510 2556 612 2583 lnscr.
627 2557 657 2582 el
674 2556 861 2582 lin-Lethes
882 2554 974 2592 [Sav.
996 2552 1075 2590 etr.)
1093 2552 1148 2586 XI,
1168 2551 1237 2580 311.

151 2597 181 2624 3.
206 2595 290 2624 Rob.
310 2595 458 2624 d'Artois
478 2606 517 2624 nc
534 2596 605 2624 vint
624 2606 697 2635 pas,
715 2594 759 2623 (lu
780 2595 889 2623 moins
909 2604 990 2623 avec
1010 2604 1068 2621 sou
1089 2595 1215 2625 arnicc,
1237 2595 1255 2621 a
1274 2592 1370 2622 Lille.
1393 2592 1418 2620 ll
1438 2591 1599 2630 sejonrna

111 2634 155 2664 du
174 2637 191 2664 3
209 2647 252 2665 au
271 2639 289 2664 6
306 2636 420 2675 juillet
434 2638 452 2666 a
471 2637 674 2677 Mrwquette
691 2638 709 2665 a
728 2636 895 2676 quelques
914 2635 1113 2664 kilonictres
1133 2644 1174 2662 au
1194 2634 1279 2662 nord
1295 2633 1335 2662 (le
1355 2633 1450 2662 Lille.
1472 2632 1557 2661 [bid.

152 2678 178 2706 (ι.
206 2677 310 2708 Guill.
343 2678 383 2707 de
412 2678 540 2707 ‚Inliers
572 2678 688 2707 ari-iva
713 2677 840 2706 devant
863 2676 1023 2706 Courtrai
1049 2676 1078 2704 le
1102 2678 1140 2704 213
1158 2674 1232 2714 juin
1261 2675 1348 2704 l3o2.
1379 2675 1428 2704 Cf.
1452 2674 1595 2703 Docnm.

111 2718 206 2756 publ.
228 2730 292 2759 par
310 2719 602 2750 G1LL10DTs-VAN
617 2720 789 2749 SEVEREN.
808 2720 931 2748 lavent.
954 2718 1011 2747 des
1030 2715 1181 2745 archivus
1197 2716 1236 2745 de
1253 2716 1285 2746 la
1308 2715 1382 2744 cille
1398 2715 1438 2744 de
1458 2717 1596 2756 Bruges,

111 2763 134 2788 t.
152 2760 177 2797 Ι,
197 2767 232 2789 n⁰
249 2761 318 2790 171.
