1856 2963
129 202 205 237 '1302
627 202 829 234 ANNALES
853 202 1110 233 GANDENSES
1574 199 1609 232 :2¹1

128 283 312 326 Renisse
341 283 394 324 de
416 281 623 323 comitatu
653 280 937 328 Zelandensi,
964 280 1212 321 Gossuinus
1241 280 1295 321 de
1323 280 1611 321 Gossenhove

127 352 180 393 de
208 351 366 392 ducatu
388 348 649 398 Brabantie,
681 348 986 390 Theodericus
1006 347 1060 388 de
1084 348 1364 388 Hondescote
1382 347 1411 395 ¹,
1442 347 1611 388 Robor-

126 428 194 460 tus
217 420 270 460 de
293 418 630 475 Leewerghem,
670 416 911 457 ssalduinus
940 416 994 456 (16
1026 416 1287 472 Popperode
1316 415 1369 456 de
1403 415 1612 456 comitatu

127 486 406 528 Flandrensi.
454 484 529 527 Isti
577 501 673 525 cum
727 483 932 525 Guidone
991 493 1032 524 et
1079 483 1321 526 NVilhelmo
1374 482 1613 524 exereitum

126 555 444 596 Flandrensem
469 553 787 594 ordinaverunt
815 560 858 592 et
873 551 1191 608 disposuerunt
1223 560 1265 592 et
1293 551 1610 592 animaverunt.

131 625 180 664 Et
223 639 337 672 cum,
380 622 523 663 tribus
558 621 624 662 vel
656 629 843 677 quatuor
884 619 1058 668 diebus,
1098 619 1213 660 inter
1248 619 1357 660 duos
1395 619 1614 660 exercitus

126 690 303 747 quidam
351 689 641 746 particulares
679 688 836 728 fierent
867 687 1058 728 insultus
1095 696 1136 727 et
1171 704 1463 743 congressus,
1512 703 1614 727 ecee

127 758 312 815 quadam
354 757 457 798 feria
499 765 676 814 quarta,
717 771 872 811 nempe
920 757 989 798 .V.
1040 755 1138 796 idus
1182 755 1330 798 Juliiff.
1381 755 1526 796 Guido
1573 763 1615 795 et

126 826 392 869 'wilhelmus
441 841 520 882 per
568 824 870 881 exploratores
921 832 1268 881 cognoscentes,
1304 824 1421 880 quod
1463 840 1614 863 omnes

128 894 283 935 Franci
313 894 364 934 ad
391 893 553 933 bellum
575 908 619 933 se
647 893 688 932 in
714 907 838 932 mane
864 899 1179 948 prepararent,
1210 899 1251 932 et
1281 891 1363 947 ipsi
1393 892 1476 932 hoe
1500 891 1615 932 idem

130 962 340 1012 fecerunt,
364 969 580 1018 ponentes
606 961 828 1016 Yprenses
855 958 905 999 ad
938 958 1233 999 resistendum
1266 958 1352 998 illis
1378 959 1431 999 de
1453 969 1613 1007 castro,

129 1029 164 1069 si
201 1029 320 1070 exire
350 1029 512 1070 vellent
542 1037 743 1084 tempore
788 1027 915 1074 belli,
951 1036 991 1067 et
1027 1026 1163 1067 aciem
1198 1027 1374 1085 longam
1413 1027 1535 1068 valde
1576 1036 1617 1068 et

129 1098 311 1154 spissam
331 1097 444 1138 circa
468 1098 619 1137 horam
643 1096 815 1136 tertiam
840 1096 1080 1135 educentes
1106 1103 1148 1135 et
1174 1094 1376 1135 inimicos
1394 1095 1437 1135 in
1464 1112 1617 1152 campo

128 1165 439 1222 prestolantes.
472 1165 596 1205 Circa
629 1165 778 1204 horam
810 1172 992 1211 sextam,
1029 1162 1186 1203 Franci
1215 1163 1368 1203 armati
1398 1163 1439 1203 in
1464 1180 1617 1220 campo

126 1241 493 1290 comparuerunt,
533 1233 605 1288 qui
648 1240 784 1273 toturn
832 1231 1071 1272 exercitum
1117 1247 1240 1272 suum
1289 1240 1371 1271 tam
1418 1231 1615 1288 equitum

128 1318 254 1358 quam
282 1301 480 1358 peditum
511 1300 553 1340 in
585 1316 738 1340 novem
763 1299 878 1339 acies
907 1298 1172 1349 diviserant3
1198 1299 1271 1339 sed
1302 1299 1502 1340 videntes
1527 1300 1617 1341 Fla-

130 1370 300 1427 mingos
331 1368 374 1409 in
413 1385 494 1409 una
528 1368 618 1408 acie
653 1367 911 1425 longissima
961 1375 1004 1407 et
1045 1368 1184 1424 spissa
1220 1377 1360 1416 stare,
1411 1368 1617 1408 audacter

129 1445 303 1494 paratos
327 1437 379 1477 ad
406 1436 593 1485 bellum,
625 1436 678 1476 dc
709 1452 861 1475 novem
898 1434 1074 1475 aciebus
1112 1435 1200 1475 suis
1232 1444 1320 1476 tres
1359 1435 1473 1476 acies
1509 1436 1617 1476 secc-

131 1514 247 1555 runt,
272 1521 400 1546 unam
424 1514 642 1562 ponentes
669 1521 748 1561 pro
772 1503 969 1544 custodia
999 1512 1113 1544 retro
1137 1513 1179 1544 et
1202 1520 1297 1544 cum
1325 1504 1494 1545 duabus
1521 1504 1617 1544 aliis

130 1573 429 1630 congressuri.
472 1574 627 1613 Parum
665 1580 763 1612 ante
801 1588 958 1611 nouam
994 1571 1276 1612 commissum
1325 1580 1389 1612 est
1431 1572 1616 1628 prelium

129 1658 225 1682 cum
250 1640 451 1682 horribili
484 1641 653 1698 fragore
681 1648 721 1680 et
744 1639 933 1681 tumultu
962 1639 1120 1680 bellico
1148 1648 1190 1680 et
1219 1639 1435 1680 mortibus
1460 1640 1618 1680 multo-

132 1726 252 1753 rum:
297 1709 606 1765 hostiliterque
650 1717 692 1748 et
738 1707 977 1748 crudeliter
1022 1707 1184 1748 ibidem
1235 1717 1476 1765 pugnatum
1523 1717 1615 1758 est,

131 1786 273 1818 tamen
306 1792 392 1816 non
414 1785 613 1832 tempore
637 1776 794 1831 longo,
831 1776 928 1831 quia
958 1777 1074 1815 Deus
1105 1775 1310 1815 misertus
1334 1784 1397 1816 est
1426 1775 1618 1816 Flamin—

130 1861 301 1901 gorum,
325 1845 477 1901 eisque
498 1846 538 1884 in
570 1843 691 1884 brevi
714 1844 938 1883 victoriam
964 1843 1167 1888 eontulit,
1195 1844 1493 1899 Francosque,
1526 1844 1616 1900 qui,

131 1913 244 1953 sicut
264 1913 379 1954 clare
402 1921 551 1969 postea
575 1920 848 1968 compertum
873 1920 954 1957 est,
981 1911 1014 1951 si
1040 1911 1265 1955 vixissent,
1292 1911 1486 1952 crudelia
1512 1913 1617 1953 sacta

133 1981 175 2021 in
214 1980 419 2022 Flanclria
449 1996 653 2020 exercere
692 1987 1033 2035 prtwosucrant,
1075 1978 1290 2019 confudit.
1332 1980 1439 2020 Cum
1476 1989 1617 2020 autem

134 2049 320 2106 prelium
350 2048 551 2097 iniretur,
589 2047 674 2096 illi,
710 2048 783 2103 qui
824 2047 867 2087 in
908 2055 1051 2087 castro
1081 2056 1228 2094 erant,
1263 2047 1328 2086 sui
1359 2063 1445 2087 non
1471 2047 1616 2096 obliti,

135 2117 280 2173 ignem
315 2116 367 2156 de
402 2125 562 2161 castro,
592 2115 703 2155 sicut
734 2115 853 2171 prius
878 2131 980 2171 sepe
1005 2115 1199 2155 fecerant
1219 2123 1259 2155 et
1284 2114 1439 2155 multas
1465 2116 1619 2156 domos

132 2184 174 2225 in
214 2186 425 2224 Cui-traco
464 2183 767 2233 incenderant,
813 2185 1055 2238 ejecerunt,
1093 2191 1135 2223 et
1169 2182 1400 2239 quamdam
1442 2184 1616 2224 domum

135 2252 346 2309 pulcram,
372 2261 415 2292 ut
444 2251 738 2292 Flaudrenses
765 2259 999 2299 terrerent,
1028 2259 1348 2291 cremaverunt.
1377 2251 1463 2307 Ipsi
1488 2251 1617 2292 ctiam

133 2329 173 2360 et
215 2321 386 2376 equites
425 2328 466 2360 et
507 2320 679 2376 pedites
714 2319 767 2359 de
811 2327 969 2363 castro,
1016 2327 1061 2359 ut
1103 2319 1398 2359 Flandrenses
1434 2336 1452 2358 a
1496 2328 1620 2376 tergo

134 2387 408 2437 invaderent,
448 2387 633 2445 egressi,
666 2388 718 2427 ab
755 2386 1028 2443 Yprcusibus
1069 2387 1130 2427 eis
1176 2386 1362 2427 viriliter
1400 2396 1441 2427 ct
1484 2388 1620 2443 probe

136 2455 446 2496 resistentibus
469 2455 512 2495 in
538 2464 726 2496 castrum
754 2454 909 2495 reverti
940 2455 1132 2511 turpiter
1154 2463 1255 2495 sunt
1278 2454 1432 2495 coacti.
1463 2457 1619 2496 Comes

179 2639 202 2667 l.
230 2638 358 2667 Tandis·
377 2649 441 2677 que
461 2638 606 2677 Thierry
630 2638 669 2666 (le
690 2637 931 2666 Hondsvhootc
951 2637 1122 2666 d=3=scndait
1140 2638 1172 2666 la
1191 2648 1293 2666 cause
1313 2638 1505 2677 populaire,
1527 2638 1619 2668 Gau-

135 2679 198 2708 tim·
216 2680 255 2708 de
277 2679 517 2709 Ilondschoote
538 2680 620 2708 e'tait
639 2679 749 2719 parmi
770 2680 817 2707 les
837 2679 931 2707 chvss
947 2679 990 2707 (lu
1011 2679 1100 2718 parti
1123 2678 1266 2709 leliaert.

175 2722 202 2749 2.
229 2721 263 2749 'll
280 2721 394 2760 juillet
413 2721 501 2751 1302.
532 2721 620 2750 L'ed.
644 2721 684 2749 de
705 2720 909 2759 Hainlmurg
933 2725 964 2749 et
989 2721 1018 2749 le
1042 2731 1104 2749 ms.
1125 2720 1164 2749 de
1184 2720 1281 2750 Gand
1307 2725 1462 2760 portent,
1489 2720 1556 2749 l⁷un
1588 2724 1620 2749 et

135 2761 268 2797 luntre,
289 2773 352 2802 par
367 2773 497 2797 erreur,
517 2774 530 2790 α
548 2762 624 2791 idus
640 2761 728 2801 junii
746 2773 773 2791 ».
