<?xml version="1.0" encoding="UTF-8"?>
<!DOCTYPE html PUBLIC "-//W3C//DTD XHTML 1.0 Transitional//EN"
    "http://www.w3.org/TR/xhtml1/DTD/xhtml1-transitional.dtd">
<html xmlns="http://www.w3.org/1999/xhtml" xml:lang="en" lang="en">
 <head>
  <title>
</title>
<meta http-equiv="Content-Type" content="text/html;charset=utf-8" />
  <meta name='ocr-system' content='tesseract 3.04.00' />
  <meta name='ocr-capabilities' content='ocr_page ocr_carea ocr_par ocr_line ocrx_word'/>
</head>
<body>
  <div class='ocr_page' id='page_1' title='image "./annalesgandenses00funcuoft_0070.png"; bbox 0 0 1856 2963; ppageno 0'>
   <div class='ocr_carea' id='block_1_1' title="bbox 215 159 1702 194">
    <p class='ocr_par' dir='ltr' id='par_1_1' title="bbox 215 159 1702 194">
     <span class='ocr_line' id='line_1_1' title="bbox 215 159 1702 194; baseline 0.003 -5"><span class='ocrx_word' id='word_1_1' title='bbox 215 160 253 189; x_wconf 80' lang='lat'>22</span> <span class='ocrx_word' id='word_1_2' title='bbox 719 159 915 191; x_wconf 76' lang='lat' dir='ltr'><strong>ANNALES</strong></span> <span class='ocrx_word' id='word_1_3' title='bbox 940 161 1197 192; x_wconf 75' lang='lat' dir='ltr'><strong>GANDENSES</strong></span> <span class='ocrx_word' id='word_1_4' title='bbox 1623 163 1702 194; x_wconf 82' lang='lat'>1302</span> 
     </span>
    </p>
   </div>
   <div class='ocr_carea' id='block_1_2' title="bbox 214 238 1715 2341">
    <p class='ocr_par' dir='ltr' id='par_1_2' title="bbox 214 238 1705 636">
     <span class='ocr_line' id='line_1_2' title="bbox 214 238 1698 299; baseline 0.003 -22"><span class='ocrx_word' id='word_1_5' title='bbox 214 241 387 294; x_wconf 64' lang='lat' dir='ltr'>opum,&gt;</span> <span class='ocrx_word' id='word_1_6' title='bbox 408 239 546 294; x_wconf 86' lang='lat' dir='ltr'>major</span> <span class='ocrx_word' id='word_1_7' title='bbox 578 253 680 293; x_wconf 87' lang='lat' dir='ltr'>pars</span> <span class='ocrx_word' id='word_1_8' title='bbox 712 238 1041 280; x_wconf 82' lang='lat' dir='ltr'><strong>communitatis</strong></span> <span class='ocrx_word' id='word_1_9' title='bbox 1080 239 1125 280; x_wconf 91' lang='lat' dir='ltr'>in</span> <span class='ocrx_word' id='word_1_10' title='bbox 1164 239 1326 281; x_wconf 87' lang='lat' dir='ltr'>dictam</span> <span class='ocrx_word' id='word_1_11' title='bbox 1368 240 1698 299; x_wconf 84' lang='lat' dir='ltr'>colligationem</span> 
     </span>
     <span class='ocr_line' id='line_1_3' title="bbox 215 305 1703 365; baseline 0.003 -20"><span class='ocrx_word' id='word_1_12' title='bbox 215 306 467 346; x_wconf 84' lang='lat' dir='ltr'>consentire</span> <span class='ocrx_word' id='word_1_13' title='bbox 510 305 667 355; x_wconf 90' lang='lat' dir='ltr'>noluit,</span> <span class='ocrx_word' id='word_1_14' title='bbox 701 306 776 347; x_wconf 86' lang='lat' dir='ltr'>sed</span> <span class='ocrx_word' id='word_1_15' title='bbox 820 322 864 346; x_wconf 87' lang='lat' dir='ltr'>se</span> <span class='ocrx_word' id='word_1_16' title='bbox 904 315 1055 347; x_wconf 87' lang='lat' dir='ltr'>tenere</span> <span class='ocrx_word' id='word_1_17' title='bbox 1093 323 1145 348; x_wconf 85' lang='lat' dir='ltr'>ex</span> <span class='ocrx_word' id='word_1_18' title='bbox 1182 316 1305 364; x_wconf 88' lang='lat' dir='ltr'>parte</span> <span class='ocrx_word' id='word_1_19' title='bbox 1348 309 1481 365; x_wconf 79' lang='lat' dir='ltr'>regis.</span> <span class='ocrx_word' id='word_1_20' title='bbox 1522 308 1703 350; x_wconf 86' lang='lat' dir='ltr'>Liliardi</span> 
     </span>
     <span class='ocr_line' id='line_1_4' title="bbox 214 374 1704 431; baseline 0.002 -17"><span class='ocrx_word' id='word_1_21' title='bbox 214 374 344 414; x_wconf 85' lang='lat' dir='ltr'>etiam</span> <span class='ocrx_word' id='word_1_22' title='bbox 369 384 739 431; x_wconf 83' lang='lat' dir='ltr'>procuraverunt,</span> <span class='ocrx_word' id='word_1_23' title='bbox 765 390 785 414; x_wconf 92' lang='lat' dir='ltr'>a</span> <span class='ocrx_word' id='word_1_24' title='bbox 809 375 972 415; x_wconf 82' lang='lat' dir='ltr'>Jacobo</span> <span class='ocrx_word' id='word_1_25' title='bbox 999 375 1316 425; x_wconf 87' lang='lat' dir='ltr'>Sancti-Pauli,</span> <span class='ocrx_word' id='word_1_26' title='bbox 1342 376 1563 417; x_wconf 84' lang='lat' dir='ltr'>mittenti¹</span> <span class='ocrx_word' id='word_1_27' title='bbox 1590 392 1704 417; x_wconf 88' lang='lat' dir='ltr'>com-</span> 
     </span>
     <span class='ocr_line' id='line_1_5' title="bbox 217 444 1704 497; baseline 0.003 -13"><span class='ocrx_word' id='word_1_28' title='bbox 217 445 417 485; x_wconf 88' lang='lat' dir='ltr'>munitati</span> <span class='ocrx_word' id='word_1_29' title='bbox 446 444 672 486; x_wconf 88' lang='lat' dir='ltr'>Gandensi</span> <span class='ocrx_word' id='word_1_30' title='bbox 701 445 988 497; x_wconf 81' lang='lat' dir='ltr'>mediatores,</span> <span class='ocrx_word' id='word_1_31' title='bbox 1022 446 1155 486; x_wconf 86' lang='lat' dir='ltr'>verba</span> <span class='ocrx_word' id='word_1_32' title='bbox 1193 445 1382 489; x_wconf 84' lang='lat' dir='ltr'>mitiora.</span> <span class='ocrx_word' id='word_1_33' title='bbox 1415 445 1532 487; x_wconf 88' lang='lat' dir='ltr'>Dicti</span> <span class='ocrx_word' id='word_1_34' title='bbox 1561 455 1704 488; x_wconf 87' lang='lat' dir='ltr'>autem</span> 
     </span>
     <span class='ocr_line' id='line_1_6' title="bbox 216 511 1705 572; baseline 0.002 -20"><span class='ocrx_word' id='word_1_35' title='bbox 216 511 341 552; x_wconf 90' lang='lat' dir='ltr'>amici</span> <span class='ocrx_word' id='word_1_36' title='bbox 371 512 545 553; x_wconf 88' lang='lat' dir='ltr'>comitis</span> <span class='ocrx_word' id='word_1_37' title='bbox 575 513 657 553; x_wconf 89' lang='lat' dir='ltr'>hoc</span> <span class='ocrx_word' id='word_1_38' title='bbox 690 512 914 563; x_wconf 83' lang='lat' dir='ltr'>videntes,</span> <span class='ocrx_word' id='word_1_39' title='bbox 947 513 1047 554; x_wconf 89' lang='lat' dir='ltr'>villa</span> <span class='ocrx_word' id='word_1_40' title='bbox 1077 529 1152 554; x_wconf 87' lang='lat' dir='ltr'>sua</span> <span class='ocrx_word' id='word_1_41' title='bbox 1180 513 1352 563; x_wconf 84' lang='lat' dir='ltr'>relicta,</span> <span class='ocrx_word' id='word_1_42' title='bbox 1383 530 1481 555; x_wconf 89' lang='lat' dir='ltr'>cum</span> <span class='ocrx_word' id='word_1_43' title='bbox 1505 516 1705 572; x_wconf 81' lang='lat' dir='ltr'>Brugen-</span> 
     </span>
     <span class='ocr_line' id='line_1_7' title="bbox 217 579 893 636; baseline 0.003 -17"><span class='ocrx_word' id='word_1_44' title='bbox 217 579 338 620; x_wconf 87' lang='lat' dir='ltr'>sibus</span> <span class='ocrx_word' id='word_1_45' title='bbox 361 580 559 636; x_wconf 88' lang='lat' dir='ltr'>periculo</span> <span class='ocrx_word' id='word_1_46' title='bbox 583 596 627 621; x_wconf 82' lang='lat' dir='ltr'>se</span> <span class='ocrx_word' id='word_1_47' title='bbox 655 580 893 621; x_wconf 80' lang='lat' dir='ltr'>dederunt.</span> 
     </span>
    </p>

    <p class='ocr_par' dir='ltr' id='par_1_3' title="bbox 216 647 1715 2341">
     <span class='ocr_line' id='line_1_8' title="bbox 275 647 1707 706; baseline 0.001 -18"><span class='ocrx_word' id='word_1_48' title='bbox 275 648 464 688; x_wconf 88' lang='lat' dir='ltr'>Jacobus</span> <span class='ocrx_word' id='word_1_49' title='bbox 484 647 634 705; x_wconf 83' lang='lat' dir='ltr'>igitur,</span> <span class='ocrx_word' id='word_1_50' title='bbox 662 647 714 688; x_wconf 91' lang='lat' dir='ltr'>iis</span> <span class='ocrx_word' id='word_1_51' title='bbox 743 648 1019 704; x_wconf 82' lang='lat' dir='ltr'>temporibus</span> <span class='ocrx_word' id='word_1_52' title='bbox 1045 648 1296 689; x_wconf 84' lang='lat' dir='ltr'>convocatis</span> <span class='ocrx_word' id='word_1_53' title='bbox 1322 649 1531 706; x_wconf 89' lang='lat' dir='ltr'>episcopo</span> <span class='ocrx_word' id='word_1_54' title='bbox 1556 648 1707 690; x_wconf 87' lang='lat' dir='ltr'>Autis-</span> 
     </span>
     <span class='ocr_line' id='line_1_9' title="bbox 216 715 1706 775; baseline 0.001 -20"><span class='ocrx_word' id='word_1_55' title='bbox 216 715 463 756; x_wconf 88' lang='lat' dir='ltr'>siodorensi</span> <span class='ocrx_word' id='word_1_56' title='bbox 487 724 530 756; x_wconf 86' lang='lat' dir='ltr'>et</span> <span class='ocrx_word' id='word_1_57' title='bbox 558 718 687 757; x_wconf 89' lang='lat' dir='ltr'>Petro</span> <span class='ocrx_word' id='word_1_58' title='bbox 712 716 765 757; x_wconf 89' lang='lat' dir='ltr'>de</span> <span class='ocrx_word' id='word_1_59' title='bbox 792 716 931 765; x_wconf 90' lang='lat' dir='ltr'>Flota‚</span> <span class='ocrx_word' id='word_1_60' title='bbox 965 716 1102 757; x_wconf 90' lang='lat' dir='ltr'>milite</span> <span class='ocrx_word' id='word_1_61' title='bbox 1128 725 1170 757; x_wconf 93' lang='lat' dir='ltr'>et</span> <span class='ocrx_word' id='word_1_62' title='bbox 1199 716 1378 758; x_wconf 88' lang='lat' dir='ltr'>domino</span> <span class='ocrx_word' id='word_1_63' title='bbox 1406 717 1570 775; x_wconf 82' lang='lat' dir='ltr'>legum,</span> <span class='ocrx_word' id='word_1_64' title='bbox 1599 717 1706 757; x_wconf 88' lang='lat' dir='ltr'>viris</span> 
     </span>
     <span class='ocr_line' id='line_1_10' title="bbox 217 783 1706 842; baseline 0.001 -18"><span class='ocrx_word' id='word_1_65' title='bbox 217 783 447 824; x_wconf 77' lang='lat' dir='ltr'>industriis</span> <span class='ocrx_word' id='word_1_66' title='bbox 471 793 510 824; x_wconf 82' lang='lat' dir='ltr'>et</span> <span class='ocrx_word' id='word_1_67' title='bbox 547 785 740 841; x_wconf 85' lang='lat' dir='ltr'>expertis</span> <span class='ocrx_word' id='word_1_68' title='bbox 776 794 817 825; x_wconf 79' lang='lat' dir='ltr'>ct</span> <span class='ocrx_word' id='word_1_69' title='bbox 853 784 1106 835; x_wconf 79' lang='lat' dir='ltr'>malitiosis,</span> <span class='ocrx_word' id='word_1_70' title='bbox 1142 784 1412 842; x_wconf 84' lang='lat' dir='ltr'>summisque</span> <span class='ocrx_word' id='word_1_71' title='bbox 1442 784 1706 827; x_wconf 87' lang='lat' dir='ltr'>consiliariis</span> 
     </span>
     <span class='ocr_line' id='line_1_11' title="bbox 217 854 1707 913; baseline 0.001 -19"><span class='ocrx_word' id='word_1_72' title='bbox 217 855 355 912; x_wconf 82' lang='lat' dir='ltr'>regiS,</span> <span class='ocrx_word' id='word_1_73' title='bbox 381 854 434 895; x_wconf 89' lang='lat' dir='ltr'>ad</span> <span class='ocrx_word' id='word_1_74' title='bbox 458 854 691 895; x_wconf 88' lang='lat' dir='ltr'>consilium</span> <span class='ocrx_word' id='word_1_75' title='bbox 716 872 792 896; x_wconf 93' lang='lat' dir='ltr'>suu</span> <span class='ocrx_word' id='word_1_76' title='bbox 803 872 840 896; x_wconf 90' lang='lat' dir='ltr'>m</span> <span class='ocrx_word' id='word_1_77' title='bbox 856 890 864 906; x_wconf 89' lang='lat'>,</span> <span class='ocrx_word' id='word_1_78' title='bbox 887 855 1176 913; x_wconf 78' lang='lat' dir='ltr'>congregavit</span> <span class='ocrx_word' id='word_1_79' title='bbox 1204 856 1320 912; x_wconf 88' lang='lat' dir='ltr'>apud</span> <span class='ocrx_word' id='word_1_80' title='bbox 1344 857 1602 897; x_wconf 87' lang='lat' dir='ltr'>Curtracum</span> <span class='ocrx_word' id='word_1_81' title='bbox 1618 890 1626 905; x_wconf 91' lang='lat'>,</span> <span class='ocrx_word' id='word_1_82' title='bbox 1654 855 1707 896; x_wconf 91' lang='lat' dir='ltr'>de</span> 
     </span>
     <span class='ocr_line' id='line_1_12' title="bbox 218 922 1706 974; baseline 0.001 -11"><span class='ocrx_word' id='word_1_83' title='bbox 218 922 416 973; x_wconf 80' lang='lat' dir='ltr'>Francia,</span> <span class='ocrx_word' id='word_1_84' title='bbox 467 932 509 963; x_wconf 94' lang='lat' dir='ltr'>et</span> <span class='ocrx_word' id='word_1_85' title='bbox 548 922 767 974; x_wconf 87' lang='lat' dir='ltr'>Picardia,</span> <span class='ocrx_word' id='word_1_86' title='bbox 805 932 846 964; x_wconf 91' lang='lat' dir='ltr'>et</span> <span class='ocrx_word' id='word_1_87' title='bbox 888 924 1108 971; x_wconf 84' lang='lat' dir='ltr'>Hanonia,</span> <span class='ocrx_word' id='word_1_88' title='bbox 1145 933 1186 965; x_wconf 92' lang='lat' dir='ltr'>et</span> <span class='ocrx_word' id='word_1_89' title='bbox 1220 924 1447 973; x_wconf 88' lang='lat' dir='ltr'>Flandria,</span> <span class='ocrx_word' id='word_1_90' title='bbox 1492 923 1706 965; x_wconf 87' lang='lat' dir='ltr'>nobilium</span> 
     </span>
     <span class='ocr_line' id='line_1_13' title="bbox 217 991 1708 1049; baseline 0.001 -18"><span class='ocrx_word' id='word_1_91' title='bbox 217 991 412 1048; x_wconf 88' lang='lat' dir='ltr'>equitum</span> <span class='ocrx_word' id='word_1_92' title='bbox 435 992 675 1032; x_wconf 81' lang='lat' dir='ltr'>exercitum</span> <span class='ocrx_word' id='word_1_93' title='bbox 704 992 951 1049; x_wconf 85' lang='lat' dir='ltr'>copiosum,</span> <span class='ocrx_word' id='word_1_94' title='bbox 981 1001 1023 1032; x_wconf 88' lang='lat' dir='ltr'>et</span> <span class='ocrx_word' id='word_1_95' title='bbox 1042 992 1294 1033; x_wconf 80' lang='lat' dir='ltr'>balistarios</span> <span class='ocrx_word' id='word_1_96' title='bbox 1320 1001 1363 1033; x_wconf 91' lang='lat' dir='ltr'>et</span> <span class='ocrx_word' id='word_1_97' title='bbox 1384 993 1557 1048; x_wconf 82' lang='lat' dir='ltr'>pedites</span> <span class='ocrx_word' id='word_1_98' title='bbox 1582 992 1708 1032; x_wconf 89' lang='lat' dir='ltr'>valde</span> 
     </span>
     <span class='ocr_line' id='line_1_14' title="bbox 218 1059 1708 1118; baseline 0 -18"><span class='ocrx_word' id='word_1_99' title='bbox 218 1059 394 1109; x_wconf 82' lang='lat' dir='ltr'>multos,</span> <span class='ocrx_word' id='word_1_100' title='bbox 418 1085 475 1090; x_wconf 90' lang='lat'>—</span> <span class='ocrx_word' id='word_1_101' title='bbox 503 1075 687 1117; x_wconf 86' lang='lat' dir='ltr'>quorum</span> <span class='ocrx_word' id='word_1_102' title='bbox 712 1076 922 1101; x_wconf 85' lang='lat' dir='ltr'>numerus</span> <span class='ocrx_word' id='word_1_103' title='bbox 952 1061 994 1101; x_wconf 92' lang='lat' dir='ltr'>in</span> <span class='ocrx_word' id='word_1_104' title='bbox 1019 1076 1165 1118; x_wconf 82' lang='lat' dir='ltr'>pugna</span> <span class='ocrx_word' id='word_1_105' title='bbox 1191 1060 1392 1117; x_wconf 79' lang='lat' dir='ltr'>sequenti</span> <span class='ocrx_word' id='word_1_106' title='bbox 1417 1069 1459 1101; x_wconf 86' lang='lat' dir='ltr'>et</span> <span class='ocrx_word' id='word_1_107' title='bbox 1480 1059 1578 1101; x_wconf 84' lang='lat' dir='ltr'>aliis</span> <span class='ocrx_word' id='word_1_108' title='bbox 1607 1075 1708 1116; x_wconf 82' lang='lat' dir='ltr'>pre—</span> 
     </span>
     <span class='ocr_line' id='line_1_15' title="bbox 216 1127 1709 1185; baseline 0.001 -17"><span class='ocrx_word' id='word_1_109' title='bbox 216 1127 286 1168; x_wconf 84' lang='lat' dir='ltr'>liis</span> <span class='ocrx_word' id='word_1_110' title='bbox 313 1127 602 1184; x_wconf 86' lang='lat' dir='ltr'>sequentibus</span> <span class='ocrx_word' id='word_1_111' title='bbox 629 1144 647 1168; x_wconf 90' lang='lat' dir='ltr'>a</span> <span class='ocrx_word' id='word_1_112' title='bbox 672 1144 739 1169; x_wconf 91' lang='lat' dir='ltr'>me</span> <span class='ocrx_word' id='word_1_113' title='bbox 769 1144 856 1169; x_wconf 90' lang='lat' dir='ltr'>non</span> <span class='ocrx_word' id='word_1_114' title='bbox 884 1129 1079 1184; x_wconf 88' lang='lat' dir='ltr'>ponitur,</span> <span class='ocrx_word' id='word_1_115' title='bbox 1112 1129 1210 1185; x_wconf 90' lang='lat' dir='ltr'>quia</span> <span class='ocrx_word' id='word_1_116' title='bbox 1233 1128 1544 1178; x_wconf 88' lang='lat' dir='ltr'>Flandrenses,</span> <span class='ocrx_word' id='word_1_117' title='bbox 1572 1127 1709 1168; x_wconf 86' lang='lat' dir='ltr'>homi-</span> 
     </span>
     <span class='ocr_line' id='line_1_16' title="bbox 218 1195 1708 1253; baseline -0.001 -17"><span class='ocrx_word' id='word_1_118' title='bbox 218 1212 294 1237; x_wconf 91' lang='lat' dir='ltr'>nes</span> <span class='ocrx_word' id='word_1_119' title='bbox 321 1195 455 1236; x_wconf 88' lang='lat' dir='ltr'>fortes</span> <span class='ocrx_word' id='word_1_120' title='bbox 485 1205 525 1236; x_wconf 89' lang='lat' dir='ltr'>ct</span> <span class='ocrx_word' id='word_1_121' title='bbox 564 1197 677 1237; x_wconf 90' lang='lat' dir='ltr'>bene</span> <span class='ocrx_word' id='word_1_122' title='bbox 716 1196 870 1237; x_wconf 79' lang='lat' dir='ltr'>nutriti</span> <span class='ocrx_word' id='word_1_123' title='bbox 909 1213 956 1237; x_wconf 90' lang='lat' dir='ltr'>ac</span> <span class='ocrx_word' id='word_1_124' title='bbox 995 1197 1160 1253; x_wconf 90' lang='lat' dir='ltr'>optime</span> <span class='ocrx_word' id='word_1_125' title='bbox 1195 1196 1366 1246; x_wconf 90' lang='lat' dir='ltr'>armati,</span> <span class='ocrx_word' id='word_1_126' title='bbox 1400 1197 1454 1238; x_wconf 90' lang='lat' dir='ltr'>de</span> <span class='ocrx_word' id='word_1_127' title='bbox 1483 1195 1708 1253; x_wconf 86' lang='lat' dir='ltr'>peditibus</span> 
     </span>
     <span class='ocr_line' id='line_1_17' title="bbox 218 1264 1709 1322; baseline -0.001 -17"><span class='ocrx_word' id='word_1_128' title='bbox 218 1267 486 1306; x_wconf 85' lang='lat' dir='ltr'>Francorum</span> <span class='ocrx_word' id='word_1_129' title='bbox 511 1264 635 1320; x_wconf 85' lang='lat' dir='ltr'>quasi</span> <span class='ocrx_word' id='word_1_130' title='bbox 664 1280 752 1305; x_wconf 89' lang='lat' dir='ltr'>non</span> <span class='ocrx_word' id='word_1_131' title='bbox 786 1274 941 1306; x_wconf 87' lang='lat' dir='ltr'>curant</span> <span class='ocrx_word' id='word_1_132' title='bbox 967 1291 1018 1295; x_wconf 97' lang='lat'><strong>—</strong></span> <span class='ocrx_word' id='word_1_133' title='bbox 1046 1265 1368 1322; x_wconf 85' lang='lat' dir='ltr'>proposuitque</span> <span class='ocrx_word' id='word_1_134' title='bbox 1399 1265 1465 1305; x_wconf 94' lang='lat' dir='ltr'>vel</span> <span class='ocrx_word' id='word_1_135' title='bbox 1496 1272 1610 1315; x_wconf 87' lang='lat' dir='ltr'>arte,</span> <span class='ocrx_word' id='word_1_136' title='bbox 1643 1264 1709 1304; x_wconf 91' lang='lat' dir='ltr'>vel</span> 
     </span>
     <span class='ocr_line' id='line_1_18' title="bbox 217 1331 1710 1389; baseline 0 -17"><span class='ocrx_word' id='word_1_137' title='bbox 217 1332 378 1373; x_wconf 80' lang='lat' dir='ltr'>virtute</span> <span class='ocrx_word' id='word_1_138' title='bbox 398 1348 634 1375; x_wconf 76' lang='lat' dir='ltr'>armorum.</span> <span class='ocrx_word' id='word_1_139' title='bbox 658 1333 765 1373; x_wconf 80' lang='lat' dir='ltr'>facta</span> <span class='ocrx_word' id='word_1_140' title='bbox 792 1334 1022 1389; x_wconf 88' lang='lat' dir='ltr'>utriusque</span> <span class='ocrx_word' id='word_1_141' title='bbox 1043 1332 1372 1373; x_wconf 77' lang='lat' dir='ltr'>communitatis</span> <span class='ocrx_word' id='word_1_142' title='bbox 1396 1332 1603 1374; x_wconf 84' lang='lat' dir='ltr'>ferociter</span> <span class='ocrx_word' id='word_1_143' title='bbox 1621 1331 1710 1372; x_wconf 89' lang='lat' dir='ltr'>vin-</span> 
     </span>
     <span class='ocr_line' id='line_1_19' title="bbox 219 1399 1711 1457; baseline 0 -17"><span class='ocrx_word' id='word_1_144' title='bbox 219 1400 381 1441; x_wconf 84' lang='lat' dir='ltr'>dicare.</span> <span class='ocrx_word' id='word_1_145' title='bbox 425 1401 515 1440; x_wconf 88' lang='lat' dir='ltr'>Hoc</span> <span class='ocrx_word' id='word_1_146' title='bbox 555 1409 699 1441; x_wconf 86' lang='lat' dir='ltr'>autem</span> <span class='ocrx_word' id='word_1_147' title='bbox 732 1400 987 1457; x_wconf 71' lang='lat' dir='ltr'>intelligens</span> <span class='ocrx_word' id='word_1_148' title='bbox 1024 1400 1288 1443; x_wconf 57' lang='lat' dir='ltr'>NVilhelmus</span> <span class='ocrx_word' id='word_1_149' title='bbox 1327 1401 1611 1450; x_wconf 88' lang='lat' dir='ltr'>Juliacensis,</span> <span class='ocrx_word' id='word_1_150' title='bbox 1648 1399 1711 1441; x_wconf 88' lang='lat' dir='ltr'>vi-</span> 
     </span>
     <span class='ocr_line' id='line_1_20' title="bbox 220 1468 1708 1525; baseline 0 -17"><span class='ocrx_word' id='word_1_151' title='bbox 220 1469 417 1525; x_wconf 79' lang='lat' dir='ltr'>densque</span> <span class='ocrx_word' id='word_1_152' title='bbox 436 1469 728 1509; x_wconf 85' lang='lat' dir='ltr'>communiter</span> <span class='ocrx_word' id='word_1_153' title='bbox 750 1485 902 1509; x_wconf 87' lang='lat' dir='ltr'>omnes</span> <span class='ocrx_word' id='word_1_154' title='bbox 920 1468 1076 1509; x_wconf 79' lang='lat' dir='ltr'>divites</span> <span class='ocrx_word' id='word_1_155' title='bbox 1098 1468 1426 1509; x_wconf 85' lang='lat' dir='ltr'>communitatis</span> <span class='ocrx_word' id='word_1_156' title='bbox 1448 1468 1708 1525; x_wconf 79' lang='lat' dir='ltr'>BrugensiS,</span> 
     </span>
     <span class='ocr_line' id='line_1_21' title="bbox 221 1535 1711 1593; baseline -0.001 -16"><span class='ocrx_word' id='word_1_157' title='bbox 221 1537 333 1577; x_wconf 85' lang='lat' dir='ltr'>sicut</span> <span class='ocrx_word' id='word_1_158' title='bbox 353 1537 395 1577; x_wconf 92' lang='lat' dir='ltr'>in</span> <span class='ocrx_word' id='word_1_159' title='bbox 419 1536 644 1586; x_wconf 85' lang='lat' dir='ltr'>Gandavo,</span> <span class='ocrx_word' id='word_1_160' title='bbox 672 1537 915 1593; x_wconf 69' lang='lat' dir='ltr'>potentiam</span> <span class='ocrx_word' id='word_1_161' title='bbox 943 1538 1212 1578; x_wconf 84' lang='lat' dir='ltr'>Francorum</span> <span class='ocrx_word' id='word_1_162' title='bbox 1237 1545 1279 1577; x_wconf 90' lang='lat' dir='ltr'>et</span> <span class='ocrx_word' id='word_1_163' title='bbox 1302 1536 1563 1577; x_wconf 85' lang='lat' dir='ltr'>industriam</span> <span class='ocrx_word' id='word_1_164' title='bbox 1586 1535 1711 1576; x_wconf 85' lang='lat' dir='ltr'>valde</span> 
     </span>
     <span class='ocr_line' id='line_1_22' title="bbox 221 1603 1709 1661; baseline -0.001 -16"><span class='ocrx_word' id='word_1_165' title='bbox 221 1605 401 1654; x_wconf 89' lang='lat' dir='ltr'>timere,</span> <span class='ocrx_word' id='word_1_166' title='bbox 440 1605 686 1661; x_wconf 86' lang='lat' dir='ltr'>aliquorum</span> <span class='ocrx_word' id='word_1_167' title='bbox 718 1605 846 1645; x_wconf 81' lang='lat' dir='ltr'>ctiam</span> <span class='ocrx_word' id='word_1_168' title='bbox 879 1606 1089 1661; x_wconf 84' lang='lat' dir='ltr'>majorum</span> <span class='ocrx_word' id='word_1_169' title='bbox 1125 1604 1441 1654; x_wconf 87' lang='lat' dir='ltr'>Liliardorum,</span> <span class='ocrx_word' id='word_1_170' title='bbox 1482 1604 1624 1645; x_wconf 89' lang='lat' dir='ltr'>adhuc</span> <span class='ocrx_word' id='word_1_171' title='bbox 1667 1603 1709 1644; x_wconf 90' lang='lat' dir='ltr'>in</span> 
     </span>
     <span class='ocr_line' id='line_1_23' title="bbox 222 1672 1711 1730; baseline -0.001 -17"><span class='ocrx_word' id='word_1_172' title='bbox 222 1673 319 1714; x_wconf 80' lang='lat' dir='ltr'>villa</span> <span class='ocrx_word' id='word_1_173' title='bbox 353 1672 634 1713; x_wconf 81' lang='lat' dir='ltr'>existentium</span> <span class='ocrx_word' id='word_1_174' title='bbox 663 1699 720 1703; x_wconf 72' lang='lat'><em>-</em></span> <span class='ocrx_word' id='word_1_175' title='bbox 741 1673 843 1713; x_wconf 77' lang='lat' dir='ltr'>licet</span> <span class='ocrx_word' id='word_1_176' title='bbox 871 1673 994 1713; x_wconf 88' lang='lat' dir='ltr'>multi</span> <span class='ocrx_word' id='word_1_177' title='bbox 1024 1672 1076 1713; x_wconf 86' lang='lat' dir='ltr'>de</span> <span class='ocrx_word' id='word_1_178' title='bbox 1105 1689 1153 1713; x_wconf 90' lang='lat' dir='ltr'>ea</span> <span class='ocrx_word' id='word_1_179' title='bbox 1184 1673 1387 1730; x_wconf 77' lang='lat' dir='ltr'>fugerant</span> <span class='ocrx_word' id='word_1_180' title='bbox 1413 1698 1464 1704; x_wconf 92' lang='lat'>—</span> <span class='ocrx_word' id='word_1_181' title='bbox 1486 1681 1527 1713; x_wconf 91' lang='lat' dir='ltr'>et</span> <span class='ocrx_word' id='word_1_182' title='bbox 1549 1672 1711 1713; x_wconf 89' lang='lat' dir='ltr'>amico-</span> 
     </span>
     <span class='ocr_line' id='line_1_24' title="bbox 223 1727 1710 1797; baseline -0.001 -16"><span class='ocrx_word' id='word_1_183' title='bbox 223 1757 315 1782; x_wconf 91' lang='lat' dir='ltr'>rum</span> <span class='ocrx_word' id='word_1_184' title='bbox 347 1740 543 1797; x_wconf 85' lang='lat' dir='ltr'>ipsorum</span> <span class='ocrx_word' id='word_1_185' title='bbox 583 1749 869 1797; x_wconf 84' lang='lat' dir='ltr'>utrorumque</span> <span class='ocrx_word' id='word_1_186' title='bbox 909 1740 1041 1780; x_wconf 86' lang='lat' dir='ltr'>corda</span> <span class='ocrx_word' id='word_1_187' title='bbox 1084 1757 1180 1781; x_wconf 87' lang='lat' dir='ltr'>cum</span> <span class='ocrx_word' id='word_1_188' title='bbox 1223 1741 1319 1797; x_wconf 86' lang='lat' dir='ltr'>ipso</span> <span class='ocrx_word' id='word_1_189' title='bbox 1352 1757 1439 1781; x_wconf 89' lang='lat' dir='ltr'>non</span> <span class='ocrx_word' id='word_1_190' title='bbox 1478 1727 1596 1790; x_wconf 78' lang='lat' dir='ltr'>esse,</span> <span class='ocrx_word' id='word_1_191' title='bbox 1635 1739 1710 1779; x_wconf 83' lang='lat' dir='ltr'>sed</span> 
     </span>
     <span class='ocr_line' id='line_1_25' title="bbox 223 1807 1712 1866; baseline -0.001 -17"><span class='ocrx_word' id='word_1_192' title='bbox 223 1810 360 1866; x_wconf 76' lang='lat' dir='ltr'>magis</span> <span class='ocrx_word' id='word_1_193' title='bbox 381 1825 476 1849; x_wconf 85' lang='lat' dir='ltr'>cum</span> <span class='ocrx_word' id='word_1_194' title='bbox 502 1825 623 1865; x_wconf 70' lang='lat' dir='ltr'>rege,</span> <span class='ocrx_word' id='word_1_195' title='bbox 655 1818 780 1850; x_wconf 82' lang='lat' dir='ltr'>caute</span> <span class='ocrx_word' id='word_1_196' title='bbox 807 1809 860 1849; x_wconf 80' lang='lat' dir='ltr'>(le</span> <span class='ocrx_word' id='word_1_197' title='bbox 882 1808 980 1849; x_wconf 90' lang='lat' dir='ltr'>villa</span> <span class='ocrx_word' id='word_1_198' title='bbox 1010 1808 1229 1866; x_wconf 76' lang='lat' dir='ltr'>Brugensi</span> <span class='ocrx_word' id='word_1_199' title='bbox 1255 1808 1453 1857; x_wconf 87' lang='lat' dir='ltr'>recessit,</span> <span class='ocrx_word' id='word_1_200' title='bbox 1479 1807 1712 1848; x_wconf 84' lang='lat' dir='ltr'>conferens</span> 
     </span>
     <span class='ocr_line' id='line_1_26' title="bbox 224 1876 1713 1932; baseline -0.001 -16"><span class='ocrx_word' id='word_1_201' title='bbox 224 1893 268 1916; x_wconf 89' lang='lat' dir='ltr'>se</span> <span class='ocrx_word' id='word_1_202' title='bbox 285 1876 337 1917; x_wconf 87' lang='lat' dir='ltr'>ad</span> <span class='ocrx_word' id='word_1_203' title='bbox 355 1884 520 1932; x_wconf 70' lang='lat' dir='ltr'>partem</span> <span class='ocrx_word' id='word_1_204' title='bbox 546 1876 778 1932; x_wconf 86' lang='lat' dir='ltr'>quamdam</span> <span class='ocrx_word' id='word_1_205' title='bbox 810 1876 1032 1924; x_wconf 80' lang='lat' dir='ltr'>Flanclric,</span> <span class='ocrx_word' id='word_1_206' title='bbox 1065 1892 1148 1932; x_wconf 84' lang='lat' dir='ltr'>que</span> <span class='ocrx_word' id='word_1_207' title='bbox 1171 1884 1347 1916; x_wconf 85' lang='lat' dir='ltr'>vocatur</span> <span class='ocrx_word' id='word_1_208' title='bbox 1374 1884 1488 1916; x_wconf 87' lang='lat' dir='ltr'>tcrra</span> <span class='ocrx_word' id='word_1_209' title='bbox 1515 1877 1713 1928; x_wconf 86' lang='lat' dir='ltr'>Quatuor</span> 
     </span>
     <span class='ocr_line' id='line_1_27' title="bbox 224 1941 1708 2000; baseline -0.002 -15"><span class='ocrx_word' id='word_1_210' title='bbox 224 1944 498 1994; x_wconf 80' lang='lat' dir='ltr'>Ot&#39;ticiorum,</span> <span class='ocrx_word' id='word_1_211' title='bbox 541 1943 691 2000; x_wconf 84' lang='lat' dir='ltr'>ibique</span> <span class='ocrx_word' id='word_1_212' title='bbox 729 1944 969 1985; x_wconf 78' lang='lat' dir='ltr'>avunculus</span> <span class='ocrx_word' id='word_1_213' title='bbox 1014 1960 1116 1984; x_wconf 87' lang='lat' dir='ltr'>suus</span> <span class='ocrx_word' id='word_1_214' title='bbox 1157 1943 1303 1984; x_wconf 83' lang='lat' dir='ltr'>Guido</span> <span class='ocrx_word' id='word_1_215' title='bbox 1338 1944 1389 1984; x_wconf 84' lang='lat' dir='ltr'>ad</span> <span class='ocrx_word' id='word_1_216' title='bbox 1435 1960 1531 1984; x_wconf 90' lang='lat' dir='ltr'>eum</span> <span class='ocrx_word' id='word_1_217' title='bbox 1573 1941 1708 1983; x_wconf 87' lang='lat' dir='ltr'>venit.</span> 
     </span>
     <span class='ocr_line' id='line_1_28' title="bbox 225 2010 1712 2068; baseline -0.003 -14"><span class='ocrx_word' id='word_1_218' title='bbox 225 2015 380 2054; x_wconf 83' lang='lat' dir='ltr'>Petrus</span> <span class='ocrx_word' id='word_1_219' title='bbox 410 2021 553 2052; x_wconf 78' lang='lat' dir='ltr'>autem</span> <span class='ocrx_word' id='word_1_220' title='bbox 584 2013 691 2061; x_wconf 81' lang='lat' dir='ltr'>Rex,</span> <span class='ocrx_word' id='word_1_221' title='bbox 720 2013 957 2068; x_wconf 81' lang='lat' dir='ltr'>assumptis</span> <span class='ocrx_word' id='word_1_222' title='bbox 981 2028 1130 2053; x_wconf 90' lang='lat' dir='ltr'>secum</span> <span class='ocrx_word' id='word_1_223' title='bbox 1154 2011 1331 2052; x_wconf 85' lang='lat' dir='ltr'>circiter</span> <span class='ocrx_word' id='word_1_224' title='bbox 1360 2011 1477 2052; x_wconf 89' lang='lat' dir='ltr'>mille</span> <span class='ocrx_word' id='word_1_225' title='bbox 1500 2010 1712 2068; x_wconf 77' lang='lat' dir='ltr'>quingen-</span> 
     </span>
     <span class='ocr_line' id='line_1_29' title="bbox 224 2078 1715 2137; baseline -0.001 -17"><span class='ocrx_word' id='word_1_226' title='bbox 224 2080 278 2121; x_wconf 82' lang='lat' dir='ltr'>tis</span> <span class='ocrx_word' id='word_1_227' title='bbox 317 2080 542 2137; x_wconf 85' lang='lat' dir='ltr'>peditibus</span> <span class='ocrx_word' id='word_1_228' title='bbox 583 2081 696 2120; x_wconf 85' lang='lat' dir='ltr'>bene</span> <span class='ocrx_word' id='word_1_229' title='bbox 734 2080 912 2120; x_wconf 87' lang='lat' dir='ltr'>armatis</span> <span class='ocrx_word' id='word_1_230' title='bbox 957 2079 1009 2120; x_wconf 86' lang='lat' dir='ltr'>dc</span> <span class='ocrx_word' id='word_1_231' title='bbox 1050 2080 1363 2120; x_wconf 83' lang='lat' dir='ltr'>communitate</span> <span class='ocrx_word' id='word_1_232' title='bbox 1406 2078 1626 2136; x_wconf 77' lang='lat' dir='ltr'>Brugeusi</span> <span class='ocrx_word' id='word_1_233' title='bbox 1673 2086 1715 2118; x_wconf 82' lang='lat' dir='ltr'>et</span> 
     </span>
     <span class='ocr_line' id='line_1_30' title="bbox 226 2145 1713 2204; baseline -0.003 -15"><span class='ocrx_word' id='word_1_234' title='bbox 226 2149 463 2190; x_wconf 82' lang='lat' dir='ltr'>balistariis</span> <span class='ocrx_word' id='word_1_235' title='bbox 493 2157 692 2197; x_wconf 81' lang='lat' dir='ltr'>centum,</span> <span class='ocrx_word' id='word_1_236' title='bbox 727 2148 844 2188; x_wconf 83' lang='lat' dir='ltr'>venit</span> <span class='ocrx_word' id='word_1_237' title='bbox 866 2150 985 2204; x_wconf 81' lang='lat' dir='ltr'>juxta</span> <span class='ocrx_word' id='word_1_238' title='bbox 1023 2148 1298 2195; x_wconf 80' lang='lat' dir='ltr'>Gandavum,</span> <span class='ocrx_word' id='word_1_239' title='bbox 1329 2163 1512 2204; x_wconf 86' lang='lat' dir='ltr'>sperans</span> <span class='ocrx_word' id='word_1_240' title='bbox 1539 2145 1713 2187; x_wconf 87' lang='lat' dir='ltr'>blandis</span> 
     </span>
     <span class='ocr_line' id='line_1_31' title="bbox 224 2214 1712 2272; baseline -0.002 -15"><span class='ocrx_word' id='word_1_241' title='bbox 224 2217 368 2257; x_wconf 78' lang='lat' dir='ltr'>verbis</span> <span class='ocrx_word' id='word_1_242' title='bbox 409 2217 763 2257; x_wconf 85' lang='lat' dir='ltr'>communitatem</span> <span class='ocrx_word' id='word_1_243' title='bbox 801 2216 1083 2257; x_wconf 81' lang='lat' dir='ltr'>Gandcnscm</span> <span class='ocrx_word' id='word_1_244' title='bbox 1119 2232 1138 2255; x_wconf 92' lang='lat' dir='ltr'>a</span> <span class='ocrx_word' id='word_1_245' title='bbox 1170 2232 1273 2272; x_wconf 74' lang='lat' dir='ltr'>rege</span> <span class='ocrx_word' id='word_1_246' title='bbox 1304 2223 1516 2264; x_wconf 72' lang='lat' dir='ltr'>avertere,</span> <span class='ocrx_word' id='word_1_247' title='bbox 1541 2214 1712 2254; x_wconf 90' lang='lat' dir='ltr'>denun-</span> 
     </span>
     <span class='ocr_line' id='line_1_32' title="bbox 225 2281 1712 2341; baseline -0.003 -16"><span class='ocrx_word' id='word_1_248' title='bbox 225 2284 441 2341; x_wconf 85' lang='lat' dir='ltr'>ciavitquc</span> <span class='ocrx_word' id='word_1_249' title='bbox 469 2284 616 2325; x_wconf 77' lang='lat' dir='ltr'>multis</span> <span class='ocrx_word' id='word_1_250' title='bbox 643 2301 693 2325; x_wconf 79' lang='lat' dir='ltr'>ex</span> <span class='ocrx_word' id='word_1_251' title='bbox 713 2283 792 2335; x_wconf 80' lang='lat' dir='ltr'>cis,</span> <span class='ocrx_word' id='word_1_252' title='bbox 818 2284 955 2324; x_wconf 85' lang='lat' dir='ltr'>filium</span> <span class='ocrx_word' id='word_1_253' title='bbox 983 2283 1155 2324; x_wconf 87' lang='lat' dir='ltr'>comitis</span> <span class='ocrx_word' id='word_1_254' title='bbox 1178 2292 1220 2323; x_wconf 89' lang='lat' dir='ltr'>et</span> <span class='ocrx_word' id='word_1_255' title='bbox 1243 2292 1465 2339; x_wconf 78' lang='lat' dir='ltr'>nepotem,</span> <span class='ocrx_word' id='word_1_256' title='bbox 1493 2282 1526 2322; x_wconf 81' lang='lat' dir='ltr'>si</span> <span class='ocrx_word' id='word_1_257' title='bbox 1548 2281 1712 2322; x_wconf 89' lang='lat' dir='ltr'>confra-</span> 
     </span>
    </p>
   </div>
   <div class='ocr_carea' id='block_1_3' title="bbox 226 2472 1714 2764">
    <p class='ocr_par' dir='ltr' id='par_1_4' title="bbox 226 2472 1714 2764">
     <span class='ocr_line' id='line_1_33' title="bbox 272 2472 1714 2514; baseline -0.004 -8"><span class='ocrx_word' id='word_1_258' title='bbox 272 2477 296 2506; x_wconf 91' lang='lat' dir='ltr'>l.</span> <span class='ocrx_word' id='word_1_259' title='bbox 323 2477 366 2506; x_wconf 88' lang='lat' dir='ltr'>Le</span> <span class='ocrx_word' id='word_1_260' title='bbox 386 2480 473 2505; x_wconf 81' lang='lat' dir='ltr'>texte</span> <span class='ocrx_word' id='word_1_261' title='bbox 489 2479 538 2505; x_wconf 73' lang='lat' dir='ltr'>est</span> <span class='ocrx_word' id='word_1_262' title='bbox 558 2486 755 2514; x_wconf 80' lang='lat' dir='ltr'>corrompu.</span> <span class='ocrx_word' id='word_1_263' title='bbox 770 2475 814 2504; x_wconf 78' lang='lat' dir='ltr'>Le</span> <span class='ocrx_word' id='word_1_264' title='bbox 831 2485 892 2503; x_wconf 88' lang='lat' dir='ltr'>ms.</span> <span class='ocrx_word' id='word_1_265' title='bbox 914 2474 953 2502; x_wconf 76' lang='lat' dir='ltr'>dc</span> <span class='ocrx_word' id='word_1_266' title='bbox 972 2474 1068 2503; x_wconf 63' lang='lat' dir='ltr'>Hand</span> <span class='ocrx_word' id='word_1_267' title='bbox 1090 2477 1187 2513; x_wconf 78' lang='lat' dir='ltr'>porte</span> <span class='ocrx_word' id='word_1_268' title='bbox 1206 2484 1211 2502; x_wconf 75' lang='grc' dir='ltr'>ε</span> <span class='ocrx_word' id='word_1_269' title='bbox 1232 2485 1245 2501; x_wconf 72' lang='grc' dir='ltr'><em>α</em></span> <span class='ocrx_word' id='word_1_270' title='bbox 1263 2473 1365 2502; x_wconf 78' lang='lat' dir='ltr'>aJac.</span> <span class='ocrx_word' id='word_1_271' title='bbox 1389 2472 1545 2502; x_wconf 37' lang='lat' dir='ltr'>ism-Pauli</span> <span class='ocrx_word' id='word_1_272' title='bbox 1566 2472 1714 2501; x_wconf 80' lang='lat' dir='ltr'>intrante</span> 
     </span>
     <span class='ocr_line' id='line_1_34' title="bbox 226 2513 1712 2556; baseline -0.003 -9"><span class='ocrx_word' id='word_1_273' title='bbox 226 2517 464 2547; x_wconf 80' lang='lat' dir='ltr'>communitati</span> <span class='ocrx_word' id='word_1_274' title='bbox 491 2517 663 2547; x_wconf 77' lang='lat' dir='ltr'>Gandcnsi</span> <span class='ocrx_word' id='word_1_275' title='bbox 689 2527 750 2556; x_wconf 73' lang='lat' dir='ltr'>per</span> <span class='ocrx_word' id='word_1_276' title='bbox 770 2516 974 2545; x_wconf 67' lang='lat' dir='ltr'>mediatori-s</span> <span class='ocrx_word' id='word_1_277' title='bbox 995 2516 1098 2544; x_wconf 69' lang='lat' dir='ltr'>verba</span> <span class='ocrx_word' id='word_1_278' title='bbox 1119 2515 1255 2544; x_wconf 84' lang='lat' dir='ltr'>mitiora</span> <span class='ocrx_word' id='word_1_279' title='bbox 1277 2525 1308 2549; x_wconf 85' lang='lat'>»;</span> <span class='ocrx_word' id='word_1_280' title='bbox 1329 2514 1404 2543; x_wconf 59' lang='lat' dir='ltr'>t&#39;cd⁴</span> <span class='ocrx_word' id='word_1_281' title='bbox 1424 2514 1464 2542; x_wconf 74' lang='lat' dir='ltr'>&lt;lc</span> <span class='ocrx_word' id='word_1_282' title='bbox 1486 2513 1687 2551; x_wconf 82' lang='lat' dir='ltr'>llainbourg</span> <span class='ocrx_word' id='word_1_283' title='bbox 1707 2523 1712 2542; x_wconf 91' lang='lat'><strong>:</strong></span> 
     </span>
     <span class='ocr_line' id='line_1_35' title="bbox 228 2555 1711 2595; baseline -0.003 -10"><span class='ocrx_word' id='word_1_284' title='bbox 228 2573 241 2585; x_wconf 76' lang='lat' dir='ltr'>t&lt;</span> <span class='ocrx_word' id='word_1_285' title='bbox 260 2571 276 2588; x_wconf 77' lang='lat' dir='ltr'>a</span> <span class='ocrx_word' id='word_1_286' title='bbox 298 2560 370 2588; x_wconf 84' lang='lat' dir='ltr'>Jac.</span> <span class='ocrx_word' id='word_1_287' title='bbox 399 2559 419 2588; x_wconf 86' lang='lat' dir='ltr'>S</span> <span class='ocrx_word' id='word_1_288' title='bbox 438 2559 552 2588; x_wconf 76' lang='lat' dir='ltr'>-Pauli</span> <span class='ocrx_word' id='word_1_289' title='bbox 575 2558 720 2586; x_wconf 81' lang='lat' dir='ltr'>mittenti</span> <span class='ocrx_word' id='word_1_290' title='bbox 741 2557 870 2586; x_wconf 73' lang='lat' dir='ltr'>civitati</span> <span class='ocrx_word' id='word_1_291' title='bbox 892 2557 1066 2585; x_wconf 63' lang='lat' dir='ltr'>tiundvnsi</span> <span class='ocrx_word' id='word_1_292' title='bbox 1086 2567 1147 2595; x_wconf 67' lang='lat' dir='ltr'>per</span> <span class='ocrx_word' id='word_1_293' title='bbox 1167 2556 1372 2585; x_wconf 63' lang='lat' dir='ltr'>mediatores</span> <span class='ocrx_word' id='word_1_294' title='bbox 1395 2556 1497 2584; x_wconf 65' lang='lat' dir='ltr'>verba</span> <span class='ocrx_word' id='word_1_295' title='bbox 1520 2555 1654 2583; x_wconf 82' lang='lat' dir='ltr'>mitiora</span> <span class='ocrx_word' id='word_1_296' title='bbox 1675 2564 1711 2588; x_wconf 68' lang='grc' dir='ltr'>»ς</span> 
     </span>
     <span class='ocr_line' id='line_1_36' title="bbox 228 2595 1713 2637; baseline -0.005 -7"><span class='ocrx_word' id='word_1_297' title='bbox 228 2602 273 2630; x_wconf 90' lang='lat' dir='ltr'>De</span> <span class='ocrx_word' id='word_1_298' title='bbox 294 2603 388 2629; x_wconf 66' lang='lat' dir='ltr'>Smct</span> <span class='ocrx_word' id='word_1_299' title='bbox 405 2600 474 2629; x_wconf 80' lang='lat' dir='ltr'>suit</span> <span class='ocrx_word' id='word_1_300' title='bbox 492 2600 522 2628; x_wconf 65' lang='lat' dir='ltr'>lt·</span> <span class='ocrx_word' id='word_1_301' title='bbox 550 2604 638 2628; x_wconf 70' lang='lat' dir='ltr'>texte</span> <span class='ocrx_word' id='word_1_302' title='bbox 663 2599 702 2627; x_wconf 69' lang='lat' dir='ltr'>dt·</span> <span class='ocrx_word' id='word_1_303' title='bbox 725 2599 840 2632; x_wconf 69' lang='lat' dir='ltr'>(jand,</span> <span class='ocrx_word' id='word_1_304' title='bbox 865 2598 948 2627; x_wconf 79' lang='lat' dir='ltr'>mais</span> <span class='ocrx_word' id='word_1_305' title='bbox 974 2609 1012 2626; x_wconf 82' lang='lat' dir='ltr'>cn</span> <span class='ocrx_word' id='word_1_306' title='bbox 1039 2598 1254 2637; x_wconf 61' lang='lat' dir='ltr'>reinplatjant</span> <span class='ocrx_word' id='word_1_307' title='bbox 1280 2609 1292 2624; x_wconf 68' lang='grc' dir='ltr'>(ι</span> <span class='ocrx_word' id='word_1_308' title='bbox 1314 2597 1462 2626; x_wconf 82' lang='lat' dir='ltr'>intrante</span> <span class='ocrx_word' id='word_1_309' title='bbox 1480 2610 1494 2622; x_wconf 65' lang='grc' dir='ltr'>ι»</span> <span class='ocrx_word' id='word_1_310' title='bbox 1514 2607 1576 2635; x_wconf 83' lang='lat' dir='ltr'>pur</span> <span class='ocrx_word' id='word_1_311' title='bbox 1601 2607 1614 2623; x_wconf 72' lang='lat' dir='ltr'>(t</span> <span class='ocrx_word' id='word_1_312' title='bbox 1635 2595 1713 2624; x_wconf 82' lang='lat' dir='ltr'>init-</span> 
     </span>
     <span class='ocr_line' id='line_1_37' title="bbox 228 2637 1712 2681; baseline -0.004 -11"><span class='ocrx_word' id='word_1_313' title='bbox 228 2642 310 2671; x_wconf 77' lang='lat' dir='ltr'>tenti</span> <span class='ocrx_word' id='word_1_314' title='bbox 330 2655 344 2670; x_wconf 67' lang='grc' dir='ltr'><em>υ</em></span> <span class='ocrx_word' id='word_1_315' title='bbox 358 2652 363 2676; x_wconf 87' lang='grc'>;</span> <span class='ocrx_word' id='word_1_316' title='bbox 378 2641 609 2681; x_wconf 70' lang='lat' dir='ltr'>Lappcnbcrg</span> <span class='ocrx_word' id='word_1_317' title='bbox 624 2641 795 2680; x_wconf 77' lang='lat' dir='ltr'>rcniplacc</span> <span class='ocrx_word' id='word_1_318' title='bbox 815 2652 829 2668; x_wconf 67' lang='grc' dir='ltr'><em>α</em></span> <span class='ocrx_word' id='word_1_319' title='bbox 853 2640 1001 2668; x_wconf 62' lang='lat' dir='ltr'>intranti¹</span> <span class='ocrx_word' id='word_1_320' title='bbox 1023 2652 1035 2667; x_wconf 70' lang='grc' dir='ltr'>υ</span> <span class='ocrx_word' id='word_1_321' title='bbox 1064 2650 1126 2679; x_wconf 84' lang='lat' dir='ltr'>par</span> <span class='ocrx_word' id='word_1_322' title='bbox 1146 2652 1158 2667; x_wconf 73' lang='grc' dir='ltr'>ι(</span> <span class='ocrx_word' id='word_1_323' title='bbox 1178 2639 1399 2667; x_wconf 76' lang='lat' dir='ltr'>intimante».</span> <span class='ocrx_word' id='word_1_324' title='bbox 1422 2639 1462 2667; x_wconf 86' lang='lat' dir='ltr'>Lc</span> <span class='ocrx_word' id='word_1_325' title='bbox 1478 2642 1566 2667; x_wconf 65' lang='lat' dir='ltr'>texto</span> <span class='ocrx_word' id='word_1_326' title='bbox 1580 2637 1712 2665; x_wconf 79' lang='lat' dir='ltr'>ci—dcs—</span> 
     </span>
     <span class='ocr_line' id='line_1_38' title="bbox 227 2677 1712 2722; baseline -0.004 -10"><span class='ocrx_word' id='word_1_327' title='bbox 227 2695 285 2712; x_wconf 77' lang='lat' dir='ltr'>sus</span> <span class='ocrx_word' id='word_1_328' title='bbox 305 2694 389 2712; x_wconf 82' lang='lat' dir='ltr'>nous</span> <span class='ocrx_word' id='word_1_329' title='bbox 412 2685 526 2722; x_wconf 76' lang='lat' dir='ltr'>paruit</span> <span class='ocrx_word' id='word_1_330' title='bbox 548 2682 753 2721; x_wconf 67' lang='lat' dir='ltr'>preferable,</span> <span class='ocrx_word' id='word_1_331' title='bbox 785 2693 797 2709; x_wconf 86' lang='lat'>«</span> <span class='ocrx_word' id='word_1_332' title='bbox 820 2681 1027 2710; x_wconf 64' lang='lat' dir='ltr'>mediam-vs</span> <span class='ocrx_word' id='word_1_333' title='bbox 1045 2693 1058 2709; x_wconf 64' lang='grc' dir='ltr'>ι)</span> <span class='ocrx_word' id='word_1_334' title='bbox 1079 2684 1181 2719; x_wconf 72' lang='lat' dir='ltr'>ayant</span> <span class='ocrx_word' id='word_1_335' title='bbox 1201 2684 1355 2715; x_wconf 77' lang='lat' dir='ltr'>souvent,</span> <span class='ocrx_word' id='word_1_336' title='bbox 1372 2680 1458 2708; x_wconf 72' lang='lat' dir='ltr'>dans</span> <span class='ocrx_word' id='word_1_337' title='bbox 1477 2679 1525 2708; x_wconf 68' lang='lat' dir='ltr'>los</span> <span class='ocrx_word' id='word_1_338' title='bbox 1545 2682 1653 2708; x_wconf 67' lang='lat' dir='ltr'>textos</span> <span class='ocrx_word' id='word_1_339' title='bbox 1672 2677 1712 2706; x_wconf 89' lang='lat' dir='ltr'>de</span> 
     </span>
     <span class='ocr_line' id='line_1_39' title="bbox 228 2723 1149 2764; baseline -0.004 -10"><span class='ocrx_word' id='word_1_340' title='bbox 228 2725 396 2764; x_wconf 68' lang='lat' dir='ltr'>l&#39;cpoque,</span> <span class='ocrx_word' id='word_1_341' title='bbox 417 2725 447 2754; x_wconf 85' lang='lat' dir='ltr'>te</span> <span class='ocrx_word' id='word_1_342' title='bbox 464 2735 541 2753; x_wconf 81' lang='lat' dir='ltr'>sens</span> <span class='ocrx_word' id='word_1_343' title='bbox 560 2723 600 2752; x_wconf 87' lang='lat' dir='ltr'>de</span> <span class='ocrx_word' id='word_1_344' title='bbox 621 2735 633 2751; x_wconf 75' lang='grc' dir='ltr'>ι(</span> <span class='ocrx_word' id='word_1_345' title='bbox 655 2723 827 2762; x_wconf 58' lang='lat' dir='ltr'>delegues,</span> <span class='ocrx_word' id='word_1_346' title='bbox 844 2724 1101 2762; x_wconf 69' lang='lat' dir='ltr'>representants</span> <span class='ocrx_word' id='word_1_347' title='bbox 1121 2734 1149 2751; x_wconf 80' lang='grc' dir='ltr'>υ.</span> 
     </span>
    </p>
   </div>
  </div>
 </body>
</html>
