1856 2963
140 168 221 207 1304
642 165 842 204 ANNALES
867 164 1123 203 GANDENSES
1585 166 1624 200 53

143 253 276 295 citum
308 251 537 305 existente)
564 251 618 292 de
646 250 717 291 die
753 249 795 290 in
829 249 943 290 diem
979 248 1187 305 paulatim
1214 264 1312 288 cum
1345 247 1460 288 fluxu
1492 249 1624 289 maris

143 320 271 362 classi
296 319 515 361 Guidonis
546 317 950 376 appropinquabat,
978 315 1062 373 ipsi
1085 325 1246 365 tamen,
1273 315 1307 356 si
1338 332 1383 357 se
1406 316 1448 356 in
1479 315 1624 372 quiete

142 388 374 437 tenuisset,
401 402 558 428 nocere
581 402 667 427 non
698 393 886 442 poterat.
921 383 1049 437 Quod
1073 383 1240 432 Guido,
1275 383 1398 424 miles
1422 393 1626 424 strenuus

142 465 184 497 et
206 455 349 513 agilis,
375 454 599 495 animosus
627 462 670 494 et
696 451 893 509 juvenis,
924 450 1108 508 indigne
1139 451 1302 500 ferens,
1338 450 1493 491 relicto
1523 466 1626 491 con-

143 523 241 564 silio
258 521 403 563 fratris
424 521 490 563 sui
508 529 550 562 et
569 520 782 563 Johannis
801 519 854 560 de
873 519 1056 560 Renisse
1075 518 1626 575 aliorumqueperitorum,

144 591 362 647 nimisque
395 590 448 631 de
491 590 638 630 favore
677 588 850 629 fortune
891 586 1134 635 confidens,
1181 585 1413 627 consilium
1455 595 1628 627 secutus

144 658 388 715 aliquorum
410 658 552 698 minus
577 657 629 698 de
653 656 808 713 peritia
834 654 990 696 bellica
1015 654 1289 704 habentium,
1315 654 1499 711 quadan]
1526 654 1629 695 feria

145 726 352 775 secunda,
378 725 421 766 in
444 727 553 766 testo
577 725 693 765 beati
719 722 938 764 Laurentii
957 723 985 771 ¹,
1008 722 1120 763 circa
1149 723 1299 762 horam
1328 738 1627 779 vesperarum,

144 794 387 851 incipiente
439 793 607 833 marino
655 791 846 840 refluxu,
903 790 1106 831 ordinato
1145 790 1390 831 sufficiente
1437 791 1628 832 exercitu

145 862 342 920 peditum
385 862 438 901 ab
476 860 754 901 obsidionem
803 859 902 900 ville
946 858 1162 914 predicte,
1204 857 1298 914 ipse
1339 875 1435 899 cum
1476 876 1631 917 magno

146 930 375 978 comitatu,
398 928 583 970 navibus
608 927 778 985 maguis
796 927 1046 968 incastratis
1070 926 1429 983 precedentibus,
1456 927 1632 968 insimul

147 1015 243 1039 cum
268 997 447 1038 funibus
479 996 656 1037 marinis
686 995 873 1036 sortibus
905 994 1145 1049 colligatiS,
1179 995 1363 1051 urgebat
1392 995 1508 1036 enim
1535 1012 1632 1037 eum

147 1065 329 1114 bellum,
371 1064 520 1104 hostes
551 1063 722 1103 invasit.
767 1063 939 1114 Quibus
984 1061 1144 1103 acriter
1188 1062 1498 1104 resistentibus
1537 1080 1632 1104 eum

149 1133 280 1174 multa
318 1131 577 1173 fortitudine
607 1139 649 1171 et
677 1140 787 1180 arte,
821 1147 871 1171 ex
900 1140 1085 1187 utraque
1118 1138 1241 1186 parte
1276 1146 1414 1187 usque
1449 1131 1501 1171 ad
1533 1148 1635 1172 noc-

146 1210 297 1242 turnas
322 1201 529 1241 tenebras
556 1207 798 1257 pugnatun]
830 1207 918 1244 est,
952 1198 1098 1239 multis
1122 1199 1224 1239 hinc
1261 1198 1362 1239 inde
1397 1199 1635 1240 vulneratis

148 1278 190 1310 et
209 1267 383 1309 occisis.
410 1269 569 1308 Neutra
598 1276 741 1307 tamen
770 1283 869 1324 pars
892 1267 1116 1308 victoriam
1148 1265 1355 1317 obtinuit,
1389 1267 1462 1307 sed
1490 1268 1635 1309 Guido

148 1346 190 1378 et
234 1335 528 1377 Flandrenses
573 1335 767 1391 potiores
806 1334 1086 1384 videbantur,
1123 1343 1274 1391 utpote
1315 1335 1389 1392 qui
1433 1335 1635 1376 hostibus

148 1412 334 1461 quatuor
361 1419 490 1443 naves
520 1418 699 1459 magnas
723 1418 819 1443 cuni
853 1401 1007 1442 eastris
1031 1403 1073 1443 in
1101 1402 1218 1443 dicta
1246 1419 1393 1459 pugna
1422 1403 1636 1444 violenter

148 1471 440 1520 abstulerunt,
463 1470 684 1514 omnibus,
715 1471 787 1526 qui
813 1469 855 1510 in
883 1470 945 1510 eis
977 1479 1117 1516 erant,
1144 1469 1348 1527 effugatis
1370 1471 1434 1511 vel
1459 1470 1633 1514 occisis.

148 1541 241 1580 Nox
269 1540 414 1596 itaque
444 1538 605 1579 bellum
642 1538 836 1587 diremit,
881 1548 1275 1595 remanseruntque
1314 1555 1442 1579 naves
1480 1540 1637 1580 utrius-

149 1624 234 1665 que
263 1607 480 1648 exereitus
505 1608 706 1662 jacentes
729 1606 867 1646 divise
897 1606 1217 1662 aliquantulum
1248 1607 1288 1647 in
1320 1607 1487 1647 marino
1510 1623 1635 1652 ceno,

149 1691 259 1732 aqua
285 1691 364 1731 per
391 1673 601 1714 relluxum
626 1673 678 1714 ad
703 1673 912 1714 interiora
940 1673 1069 1714 maris
1099 1675 1316 1715 abstracta
1334 1708 1342 1724 ,
1375 1683 1416 1714 et
1443 1674 1637 1716 exercitu

152 1751 338 1798 utroque
376 1741 696 1799 aliquantulum
731 1741 988 1798 quiescente
1017 1751 1059 1782 et
1094 1741 1183 1782 suis
1217 1742 1457 1783 vulneratis
1492 1759 1636 1784 euram

152 1810 406 1850 adhibente.
438 1810 559 1866 Aqua
591 1818 732 1850 autem
762 1809 874 1850 cirea
903 1825 1102 1850 auroram
1126 1826 1204 1866 per
1232 1809 1392 1851 fluxum
1428 1812 1639 1852 marinum

153 1878 363 1919 redeunte
387 1886 428 1918 et
459 1893 586 1918 naves
610 1878 663 1917 de
687 1893 795 1918 ceno
819 1877 883 1918 vel
912 1877 1018 1918 limo
1044 1877 1213 1918 marino
1241 1878 1523 1928 sublimante,
1554 1879 1639 1920 die—

153 1962 236 2003 que
263 1946 451 1986 crastina
495 1945 743 1993 illuscente,
785 1954 826 1985 et
861 1954 1047 2002 utroque
1076 1946 1270 1987 exercitu
1301 1962 1344 1987 se
1376 1947 1640 2004 disponente

153 2013 205 2054 ad
231 2013 392 2053 bellum
415 2030 421 2052 :
448 2028 550 2053 eece
573 2022 874 2069 apparuerunt
899 2029 1030 2054 naves
1052 2030 1209 2071 magne
1230 2013 1464 2065 Guidonis‚
1488 2032 1640 2056 omnes

154 2080 305 2129 divise,
325 2081 404 2121 hac
422 2080 611 2137 illacque
633 2090 857 2138 vagantes.
885 2080 1078 2132 funibus,
1098 2081 1259 2138 quibus
1277 2082 1479 2140 colligate
1499 2092 1637 2131 erant,

154 2149 415 2204 proditiose,
445 2149 642 2189 nescitur
676 2165 696 2188 a
730 2148 911 2205 quibus,
938 2150 1138 2206 precisis.
1170 2151 1306 2191 Naves
1330 2138 1471 2191 autem
1503 2151 1642 2192 adini-

154 2215 262 2256 raldi
296 2224 339 2256 et
374 2216 766 2266 llollandensium,
800 2225 951 2272 utpote
983 2217 1150 2258 catenis
1181 2218 1334 2259 ferreis
1358 2219 1637 2276 conglobate,

155 2293 453 2340 apparuerunt
482 2286 735 2340 conjuncte.
769 2286 857 2325 Hoc
887 2286 1086 2326 videntes
1114 2286 1425 2335 ZelandenseS,
1452 2288 1525 2343 qui
1555 2304 1641 2328 non

156 2360 281 2393 erant
302 2352 354 2392 de
385 2353 649 2409 cognatione
671 2352 890 2395 XYull'ardi
924 2362 965 2393 et
995 2353 1207 2394 Florentii
1232 2354 1285 2395 de
1312 2355 1507 2396 Borsalia
1542 2372 1641 2412 pre-

156 2419 373 2460 dictorum
402 2420 474 2476 qui
497 2436 591 2461 cum
618 2420 823 2461 Guidone
848 2420 985 2478 inagis
1009 2430 1133 2462 erant
1155 2421 1313 2463 timore
1339 2439 1466 2479 quam
1498 2440 1642 2464 amore

156 2514 213 2518 —
240 2488 420 2544 quibus,
449 2488 601 2528 saltem
636 2488 858 2544 aliquibus
896 2488 1111 2545 ipsorum,
1150 2490 1407 2546 imponitur.
1446 2491 1561 2546 quod
1590 2492 1642 2532 de

158 2564 285 2596 nocte
309 2556 430 2595 funes
455 2556 625 2596 naviuin
646 2573 900 2612 magnarum
925 2557 1144 2598 Guidonis
1168 2557 1355 2598 latenter
1378 2558 1638 2602 inciderant.

205 2729 229 2759 l.
258 2730 347 2765 1:302,
372 2731 405 2759 lt)
423 2732 515 2760 ausit.
