1856 2963
232 143 270 172 24
736 144 933 175 ANNALES
958 144 1213 176 GANDENSES
1637 147 1715 177 1302

233 221 436 271 Jacobus,
481 237 567 262 non
594 221 678 262 nisi
709 238 806 262 cum
832 223 973 264 .CCC.
1017 223 1242 279 equitibus
1273 223 1397 280 quasi
1427 224 1716 266 amicabiliter

231 289 377 330 villam
403 290 622 330 intrarent
650 299 692 331 et
720 289 814 331 sine
838 290 986 332 armis.
1013 293 1134 332 Tunc
1157 291 1343 348 quadam
1368 292 1472 333 seria
1498 294 1606 343 .IV.,
1632 293 1717 334 sci-

233 357 336 398 licet
366 358 516 400 ‚XVIL
545 358 631 399 kal.
659 358 823 409 Junii1,
848 358 891 399 in
915 358 1014 400 villa
1044 359 1263 416 Brugensi
1282 360 1459 416 publice
1480 360 1717 416 proclama-

233 434 323 465 tum
350 434 431 474 est,
464 425 581 482 quod
607 442 781 476 omnes,
810 427 883 483 qui
907 426 991 467 sibi
1019 426 1072 467 de
1098 426 1384 483 inquisitione
1421 427 1561 469 fienda
1591 428 1717 469 time-

234 502 348 543 rent,
367 501 467 534 ante
490 509 648 534 nonam
667 493 754 534 diei
778 494 969 535 crastine
991 494 1137 535 villam
1161 494 1346 536 exirent.
1371 496 1499 547 Quod
1525 495 1720 537 fecerunt

234 560 411 602 circiter
440 563 506 603 .V.
533 561 668 602 millia
696 561 905 613 virorum,
934 562 1161 619 paulatim,
1190 562 1296 603 feria
1324 564 1412 605 .IV.
1438 563 1511 604 illa
1531 572 1573 604 et
1589 572 1718 605 nocte

234 628 437 685 sequenti
467 637 510 669 et
537 630 727 670 crastina
746 663 754 675 ,
788 630 935 671 villam
971 630 1299 687 relinquentes:
1327 631 1652 672 collocaverunt
1675 648 1718 672 se

234 697 278 738 in
307 699 415 738 Dani
445 705 487 738 et
514 697 811 753 Ardenburgh
835 707 876 739 et
906 698 1164 756 Oostburgh
1190 706 1234 739 et
1259 714 1389 755 supra
1413 699 1537 740 littus
1565 708 1719 756 portus

235 765 414 815 marini,
453 765 527 822 qui
556 774 736 806 vocatur
768 766 904 808 Zwin.
935 766 1176 809 Venientes
1205 776 1346 807 autem
1372 766 1547 823 quidam
1579 784 1631 808 ex
1666 767 1720 808 iis

235 834 276 874 in
306 835 431 884 Dam,
467 832 729 874 invenerunt
761 833 821 875 ibi
848 850 1012 891 coquos
1041 843 1084 875 et
1107 834 1265 875 multos
1296 834 1349 875 de
1376 835 1537 875 familia
1567 835 1716 876 Jacobi

234 910 275 942 et
302 917 501 960 magnam
534 901 703 958 copiam
727 901 814 942 vini
840 910 881 942 et
909 901 1192 951 cibariorum,
1223 918 1352 959 quam
1380 903 1640 960 premiserat
1667 903 1720 944 ad

234 969 530 1027 provisionem
560 969 779 1011 exercitus
815 971 881 1011 sui
916 971 1103 1028 Brugas,
1141 979 1182 1010 et
1213 969 1273 1011 ibi
1309 970 1432 1026 quasi
1468 970 1509 1011 in
1542 971 1721 1027 proprio

234 1038 407 1078 venturi
435 1046 477 1078 et
502 1038 797 1094 permansuri,
823 1038 876 1079 (le
900 1037 1077 1095 quibus,
1110 1038 1278 1079 scilicet
1302 1038 1454 1094 coquis
1480 1047 1523 1079 et
1551 1038 1721 1079 famulis

235 1106 410 1155 Jacobi,
443 1105 614 1162 aliquos
647 1105 928 1159 occiderunt,
969 1106 1127 1147 multos
1166 1106 1527 1156 vulneraverunt,
1556 1107 1650 1148 vina
1680 1115 1721 1148 et

236 1173 400 1214 cibaria
426 1173 647 1230 rapientes
666 1182 709 1214 et
725 1183 1051 1215 consumente&

294 1241 418 1282 Feria
457 1242 591 1300 igitur
623 1243 709 1291 .V.,
748 1242 918 1283 seilicet
950 1244 1078 1284 .XVI.
1116 1242 1201 1283 kal.
1239 1242 1402 1290 Juniit',
1453 1243 1641 1284 Jacobus
1681 1251 1723 1283 et

236 1311 391 1351 Petrus
414 1309 468 1350 de
497 1309 619 1351 Flota
649 1309 862 1366 predicti,
888 1310 1001 1351 cirea
1032 1311 1181 1351 horam
1211 1326 1515 1366 vesperarum,
1547 1310 1600 1351 (le
1625 1326 1722 1367 pro-

236 1378 368 1418 misso
397 1387 439 1418 et
467 1378 674 1418 condicto
696 1404 752 1409 ——
782 1378 953 1419 seilicet
982 1378 1099 1435 quod
1131 1394 1227 1419 cuin
1257 1379 1468 1419 trecentis
1499 1378 1723 1435 equitibus

235 1446 435 1488 venirent
458 1448 552 1487 sine
575 1446 706 1487 armis
729 1473 785 1477 —
807 1463 893 1487 non
921 1456 1142 1497 curantes,
1167 1463 1262 1487 eum
1288 1446 1405 1487 mille
1429 1446 1724 1503 septingentis

235 1514 458 1571 equitibus
487 1515 652 1571 optime
684 1515 879 1563 armatis,
920 1523 961 1555 et
1002 1514 1256 1563 balistariis,
1290 1514 1514 1571 peditibus
1550 1531 1724 1571 quoque

238 1583 385 1623 multis
438 1583 585 1632 valde,
634 1582 779 1623 villam
842 1584 1116 1639 Brugensem
1162 1582 1462 1632 intraverunt,
1515 1581 1724 1639 episcopo

237 1650 616 1692 Autissiodorensi
646 1651 689 1691 in
719 1652 932 1692 Curtraco
955 1651 1124 1691 relicto.
1151 1652 1339 1692 jacobus
1369 1651 1516 1700 etiam,
1543 1659 1588 1691 ut
1610 1650 1724 1690 vide-

236 1729 328 1764 tur,
372 1719 511 1760 elatus
547 1727 589 1759 et
623 1719 923 1777 indignativus
965 1736 1009 1759 se
1047 1720 1274 1760 continere
1304 1735 1388 1759 non
1420 1718 1578 1775 potuit,
1619 1718 1722 1774 quin

238 1787 458 1844 aliquibus
485 1787 539 1828 de
565 1788 878 1828 communitate
905 1786 987 1828 sibi
1018 1787 1331 1827 occurentibus
1360 1802 1513 1843 aspera
1545 1786 1727 1827 inferret

237 1856 391 1903 verba,
423 1855 678 1911 vultumque
707 1855 769 1895 eis
803 1864 971 1896 torvum
1013 1855 1269 1895 ostenderet
1312 1864 1353 1895 et
1382 1854 1620 1895 crudelem.
1665 1856 1726 1895 Ex

239 1925 399 1981 quibus
423 1923 626 1963 omnibus
650 1923 736 1976 illi,
762 1923 913 1979 quide
943 1923 1257 1963 communitate
1289 1924 1332 1963 in
1366 1922 1465 1963 villa
1504 1938 1725 1963 remanse-

240 2009 258 2032 r
263 2001 352 2041 ;,1nt
376 1991 479 2048 pelli
502 2008 576 2032 sue
599 1991 822 2035 timentes
849 1991 981 2048 aliqui
1008 2008 1058 2033 ex
1083 1991 1151 2041 iis,
1172 1999 1216 2032 ut
1239 1991 1402 2031 dicitui
1426 1999 1467 2031 et
1487 1999 1533 2031 ut
1555 1990 1726 2030 videtur

241 2077 319 2117 pei
340 2060 545 2101 ellectum
569 2068 933 2116 consequentem,
957 2059 1088 2099 5υ(ἰί5
1106 2060 1209 2109 suis
1239 2060 1319 2132 qui.
1341 2058 1484 2099 xill1m
1510 2058 1721 2102 exiirant

240 2128 354 2169 circa
392 2127 698 2184 crepusculum
738 2127 1076 2171 mandaweiunt
1115 2127 1249 2184 quod,
1289 2127 1322 2167 si
1360 2127 1523 2167 vellent
1562 2126 1726 2166 salvaie.

239 2196 367 2237 vitun
388 2212 524 2245 suam,
553 2212 756 2239 uxoium
785 2195 997 2245 lilim-,um
1024 2195 1097 2236 lili
1089 2211 1299 2251 irumque
1327 2211 1499 2235 suarum
1530 2202 1570 2234 et
1596 2193 1724 2234 etiam

240 2264 480 2305 amicorum
511 2272 552 2304 et
579 2263 722 2304 villain
754 2229 1045 2320 Brugcnsein.
1072 2263 1186 2304 cirea
1210 2279 1409 2303 auroram
1436 2278 1587 2302 omnes
1611 2261 1726 2302 redi-

241 2341 353 2377 rent,
392 2348 487 2372 cum
524 2331 704 2372 Francis
736 2331 998 2388 pugnaturi:
1036 2331 1088 2371 ad
1130 2331 1245 2387 qnod
1284 2329 1518 2370 voluntarii
1561 2328 1725 2369 inventi

241 2409 339 2441 sunt
368 2408 409 2440 et
432 2399 587 2456 parati.
620 2402 817 2456 Cumque
845 2399 947 2439 seria
975 2401 1038 2441 .V.
1072 2399 1268 2456 predicta
1294 2398 1451 2438 Gallici
1481 2397 1546 2438 vel
1570 2398 1723 2438 Franci

241 2476 496 2516 eenassent,
527 2476 566 2508 et
601 2468 789 2508 Jacobus
817 2468 1066 2507 ordinasset
1105 2466 1263 2507 milites
1302 2475 1344 2506 et
1372 2466 1543 2521 equites
1569 2465 1726 2505 multos

283 2669 312 2698 ’1.
340 2670 426 2703 1302,
450 2669 484 2698 16
503 2669 582 2698 mai.

282 2712 309 2740 ⁵2.
338 2710 582 2746 1:3112,171nai.
