1856 2963
257 164 296 196 30
760 161 959 194 ANNALES
983 159 1241 195 GANDENSES
1668 159 1744 194 1302

259 244 442 293 bantur;
480 242 581 283 villa
621 241 735 282 enim
774 241 1024 283 Gandensis
1065 258 1110 282 se
1144 242 1290 283 tenuit
1325 257 1422 282 cum
1462 242 1612 300 rege1,
1652 250 1744 283 toto

254 310 477 352 territorio
522 310 862 367 circumjacente
903 326 1001 351 cum
1041 309 1248 352 Gnidone
1285 317 1327 350 et
1368 309 1608 354 VVilhelmo
1649 310 1742 350 exi-

257 388 414 428 stente,
440 387 483 419 et
504 377 604 419 ideo
622 378 888 418 frumentum
913 387 955 418 et
973 378 1054 419 alia
1076 378 1280 418 victualia
1304 394 1389 418 non
1411 377 1497 418 nisi
1520 377 1674 418 furtive
1699 377 1744 418 in

256 463 303 488 ea
353 455 557 503 poterant
597 446 835 487 introduci.
875 447 1033 504 Magna
1069 446 1151 487 fuit
1184 445 1227 486 in
1263 446 1475 487 Gandavo
1504 445 1739 496 dissensio,

255 515 372 572 quod
398 514 600 571 vulgares
629 514 830 554 favebant
856 513 1027 567 comiti,
1064 523 1106 554 et
1140 513 1321 554 Liliardi
1347 521 1390 554 et
1411 513 1595 554 ditiores
1620 512 1741 571 regi,

257 593 299 624 et
323 583 423 624 ideo
447 599 550 639 sepe
571 581 811 622 timebatur
838 582 892 622 de
921 582 1036 622 bello
1059 581 1270 622 intestino
1292 582 1409 622 inter
1436 597 1526 622 eos.

313 652 439 693 Circa
469 649 738 706 principium
766 649 928 690 mensis
953 649 1069 700 Julii,
1099 650 1319 691 Robertus
1349 648 1589 690 exercitum
1615 665 1741 690 suum

257 720 390 760 movit
419 720 473 760 de
519 718 679 767 Insula,
718 717 942 774 profectus
976 734 1127 758 versus
1165 719 1424 759 Curtracum
1441 718 1471 767 ⁶3,
1513 725 1742 774 castraque

255 796 441 828 metatus
479 795 545 828 est
569 788 691 842 juxta
725 785 885 826 dictam
907 785 1051 826 villam
1084 802 1163 842 per
1187 785 1440 826 distantiam
1468 793 1656 841 quatuor
1675 784 1743 825 vel

255 855 450 912 quinque
474 854 732 895 stadiorum.
758 853 915 895 Franci
946 862 1089 894 autem
1115 853 1366 894 Flandriam
1395 854 1610 894 intrantes
1644 852 1742 894 Fla-

254 923 541 982 mingantem,
570 931 616 963 ut
641 921 931 963 ostenderent
964 921 1234 962 ferocitatem
1265 921 1399 962 animi
1421 920 1512 971 sui,
1545 929 1588 961 et
1617 921 1742 962 Flan-

253 992 436 1032 drenses
470 1000 637 1032 terrere
673 989 892 1039 volentes,
945 1005 1031 1030 non
1069 990 1311 1046 parcebant
1345 988 1620 1038 mulieribus,
1662 1004 1742 1029 nec

252 1059 510 1109 infantibus,
537 1075 617 1099 nec
646 1057 909 1114 decrepitiS,
935 1058 1039 1114 quin
1067 1053 1448 1106 eos'occiderent,
1481 1073 1590 1114 quos
1621 1057 1741 1097 inve-

252 1129 346 1168 nire
374 1136 600 1184 poterant;
632 1126 718 1166 imo
739 1134 781 1166 et
798 1125 1017 1184 imagines
1046 1134 1295 1166 sauctorum
1319 1125 1362 1165 in
1387 1124 1605 1174 ecclesiis,
1634 1141 1682 1166 ac
1707 1123 1741 1165 si

252 1195 454 1237 homines
478 1195 666 1236 fuissent
692 1194 791 1243 vivi,
817 1193 1201 1250 decapitaverunt,
1234 1193 1314 1234 alia
1349 1193 1411 1233 eis
1446 1192 1576 1233 etiam
1606 1209 1742 1233 mem-

253 1265 328 1305 bra
347 1272 638 1320 amputantes.
667 1265 758 1303 Hoc
781 1270 922 1302 autem
951 1262 1110 1303 factum
1134 1261 1430 1302 Flandrenses
1456 1277 1541 1301 non
1566 1262 1738 1310 terruit,

252 1333 329 1373 sed
365 1332 502 1389 magis
532 1331 582 1371 ad
611 1330 717 1371 iram
748 1338 789 1370 et
821 1330 1010 1370 furorem
1034 1338 1076 1371 et
1105 1329 1158 1370 ad
1187 1329 1427 1370 crudeliter
1456 1328 1741 1386 pugnandum

251 1400 458 1441 animavit
480 1408 520 1440 et
546 1397 815 1455 provocavit.

310 1468 456 1509 Guido
480 1467 615 1523 igitur
642 1475 683 1507 et
712 1465 993 1515 NVilhelmus,
1023 1465 1202 1523 cognito
1225 1465 1413 1506 adventu
1434 1464 1738 1514 inimicorum,

251 1553 360 1593 quos
382 1551 549 1577 summe
574 1535 780 1582 oderunt,
806 1533 972 1574 alacres
995 1543 1037 1574 et
1062 1534 1137 1574 leti
1161 1541 1543 1591 congregaverunt
1572 1532 1740 1573 exerci-

252 1615 359 1654 tum,
403 1603 581 1645 circiter
612 1604 837 1659 sexaginta
884 1602 1017 1643 millia
1060 1601 1255 1659 peditum
1294 1601 1468 1642 fortium
1504 1610 1545 1641 et
1575 1600 1740 1657 optime

251 1681 543 1722 armatorum,
587 1680 977 1728 conveneruntque
998 1670 1065 1711 'ad
1105 1687 1178 1710 eos
1207 1686 1358 1710 omnes
1399 1669 1551 1709 fideles
1588 1668 1737 1717 corde,

251 1741 323 1797 qui
361 1758 435 1781 eos
471 1740 743 1797 diligebant,
785 1754 872 1779 non
910 1738 1051 1778 solum
1088 1738 1142 1778 de
1177 1737 1376 1794 partibus
1408 1736 1630 1786 Flandrie,
1665 1737 1739 1793 qui

252 1825 349 1850 cum
378 1809 439 1849 eis
462 1816 587 1849 erant
609 1816 651 1848 et
673 1824 692 1847 a
725 1823 825 1863 rege
850 1806 1161 1855 discesserant,
1192 1806 1269 1846 sed
1292 1805 1421 1846 etiam
1449 1805 1503 1845 de
1531 1805 1740 1845 Gandavo

250 1877 427 1918 circiter
462 1874 734 1933 septingenti
770 1875 849 1915 viri
891 1875 1025 1918 bene,
1050 1874 1219 1923 armati,
1266 1873 1340 1929 qui
1379 1873 1524 1913 villam
1568 1873 1739 1913 occulte

251 1947 462 1996 exierant,
486 1944 601 1985 unde
624 1952 665 1984 et
685 1960 705 1984 a
730 1942 933 1983 Liliardis
957 1942 1101 1983 statim
1121 1950 1303 1999 propter
1325 1942 1408 1982 hoc
1429 1940 1598 1981 banniti
1620 1949 1736 1989 sunt,

252 2029 509 2070 omnesque,
542 2028 652 2068 quos
685 2019 1078 2068 congregaverant,
1112 2025 1278 2050 summe
1308 2025 1404 2050 cum
1434 2009 1615 2050 Francis
1645 2008 1740 2049 bel-

251 2082 339 2122 lum
369 2081 533 2121 habere
557 2080 838 2120 affectabant.
868 2079 1097 2119 llabebant
1125 2086 1267 2118 autem
1299 2076 1447 2120 Gnido
1481 2085 1522 2117 et
1552 2075 1738 2120 Wilhel-

253 2165 346 2190 mus
386 2165 471 2189 non
504 2147 589 2188 nisi
619 2147 795 2187 circiter
826 2146 976 2187 decem
1010 2145 1169 2186 milites
1207 2145 1248 2185 in
1284 2153 1377 2186 toto
1412 2145 1607 2185 exercitu
1642 2160 1735 2193 suo,

252 2219 367 2261 inter
394 2236 503 2276 quos
532 2218 732 2275 precipui
761 2226 902 2266 erant,
928 2225 971 2257 et
998 2217 1040 2257 in
1066 2217 1196 2257 rebus
1219 2215 1390 2257 bellicis
1415 2215 1600 2272 experti,
1627 2217 1738 2255 Hen-

252 2286 369 2326 ricus
415 2285 468 2325 de
511 2284 706 2339 Lonchy,
744 2282 797 2323 (le
835 2283 992 2322 ducatu
1036 2280 1368 2339 lemburgensi,
1423 2280 1645 2321 johannes
1685 2279 1738 2320 de

291 2432 318 2461 ’1.
347 2432 500 2461 Yeltheni
516 2441 641 2470 expose
658 2430 751 2459 l'ctat
769 2429 826 2458 des
844 2429 983 2469 equ-iis,
1003 2440 1042 2458 en
1062 2429 1227 2468 quelques
1247 2432 1334 2457 mois
1353 2439 1357 2457 :
1380 2439 1393 2456 (τ
1415 2428 1439 2457 11
1458 2439 1477 2467 y
1495 2429 1587 2457 avait
1604 2430 1622 2457 a
1641 2428 1738 2458 Gand

249 2474 337 2503 deux
356 2473 477 2513 parliS.
498 2473 561 2502 Les
585 2483 647 2501 nns
668 2471 836 2500 n'osaient
854 2482 916 2510 pas
936 2470 1007 2499 (lii-c
1027 2482 1090 2510 qne
1108 2471 1200 2499 lvurs
1221 2469 1434 2509 sympathies
1453 2470 1578 2499 etaient
1597 2480 1686 2509 pour
1709 2469 1738 2498 h·

249 2519 359 2544 comte
390 2515 430 2543 de
462 2513 626 2547 Flandrffi
658 2514 700 2542 ils
731 2512 858 2541 etaient
882 2523 940 2541 sur
958 2512 1031 2540 leni·
1060 2511 1178 2549 garde,
1200 2513 1217 2540 ’ξι
1236 2511 1368 2550 chaque
1393 2522 1467 2551 an.
1499 2512 1559 2541 Les
1585 2511 1738 2540 lcliacrts

250 2556 449 2596 appelaicnt
474 2556 522 2584 les
550 2554 714 2583 liehnvvts
739 2554 933 2593 (partisans
953 2553 996 2581 (ln
1020 2554 1157 2593 comto),
1186 2553 1216 2581 le
1242 2552 1400 2581 nunu-ais
1417 2552 1518 2592 parti.
1537 2553 1587 2582 On
1606 2553 1654 2581 les
1675 2551 1736 2581 lie-

250 2598 365 2627 baert>-
378 2596 511 2626 osuicnt
530 2599 699 2636 pnraitre,
721 2596 768 2623 los*
787 2595 939 2624 leliacrts
958 2594 1171 2630 menne-wient
1189 2594 1228 2623 (le
1246 2595 1293 2623 les
1312 2597 1388 2622 tner
1407 2597 1424 2623 ἐι
1443 2605 1550 2633 conps
1570 2593 1698 2633 d'epc'c.
1722 2605 1734 2621 υ

249 2638 381 2680 Spiegel
399 2637 588 2669 ltislurt'aal,
608 2637 665 2666 liv.
687 2637 738 2669 lv,
760 2637 860 2676 chap.
883 2637 930 2668 Η,
951 2647 984 2675 p.
1003 2637 1060 2664 265
1077 2636 1116 2664 ‹1.=
1137 2635 1210 2664 1'(·‹l.
1232 2635 1275 2664 Le
1292 2635 1397 2674 Long.

290 2684 316 2710 2,
346 2681 427 2710 stol).
447 2679 594 2708 ‹l'Avtois
614 2678 722 2717 quittu
743 2678 932 2716 Marquettc
952 2679 981 2706 le
1001 2680 1018 2705 Γ)
1036 2681 1065 2706 el
1085 2677 1201 2706 urriva
1219 2677 1345 2706 devant
1364 2676 1522 2706 ‹hun-trani
1540 2676 1569 2705 lo
1590 2677 1607 2704 8
1623 2675 1737 2714 juill-ft

250 2723 341 2752 1302.
360 2724 493 2751 Ducum.
515 2720 569 2751 cit.
