1856 2963
229 151 268 180 76
734 149 931 181 ANNALES
955 148 1212 180 GANDENSES
1633 150 1715 180 1304

228 227 428 285 corporis
462 227 529 268 sui
559 225 744 278 occisis,
785 225 990 268 nesciens
1023 227 1168 283 ipsum
1196 227 1311 268 inter
1337 226 1446 268 alios
1468 235 1712 285 prostratos

229 294 500 346 discernere,
525 311 575 336 eo
604 295 722 352 quod
744 294 951 336 custodes
973 294 1162 352 predicti
1189 294 1235 336 in
1259 295 1456 352 periculo
1483 294 1712 337 conflictus

227 379 306 420 pre
329 363 485 405 timore
512 362 841 420 supertunicale
865 379 989 404 suum
1012 363 1239 414 bellicum,
1264 379 1342 404 suo
1371 362 1516 421 signo,
1542 363 1713 405 scilicet

229 431 440 481 liliorum,
476 431 746 482 decoratum,
785 447 840 472 ne
873 431 927 473 ab
963 431 1191 482 hostibus,
1221 432 1297 489 qui
1327 431 1539 473 libentius
1568 432 1712 488 ipsum

230 515 358 557 quam
387 500 578 557 aliquem
601 498 733 540 alium
756 499 1041 551 occidissent,
1071 508 1401 558 agnosceretur,
1426 500 1710 557 abruperant.

231 569 505 609 Transeunte
531 583 637 626 ergo
669 583 808 609 cuneo
830 567 906 609 illo
935 577 977 610 et
1001 569 1153 610 hostes
1178 568 1394 626 fugientes
1422 567 1710 626 insequente,

230 636 339 677 alius
383 652 564 687 cuneus,
619 635 705 677 cito
732 645 848 694 post,
893 637 987 695 regi
1015 645 1237 694 prostrato
1271 636 1540 694 supervenit.
1585 636 1716 689 Quod

229 704 429 746 videntes
455 705 591 763 aliqui
625 703 710 746 sibi
745 705 919 756 fideles,
957 705 1031 763 qui
1061 707 1184 763 juxta
1215 706 1359 763 ipsum
1392 705 1714 762 aliquantulum

229 783 412 825 remote,
432 781 578 816 tamen
601 782 812 831 quantum
834 783 1038 832 poterant
1054 774 1367 831 propinquius,
1390 782 1707 822 remanserant,

230 857 328 884 cum
361 841 558 898 periculo
593 841 658 883 sui
687 858 783 884 eum
818 858 950 900 supra
977 842 1249 883 dextrarium
1275 850 1317 883 et
1343 858 1505 899 equum
1531 839 1714 883 fortissi-

232 926 348 951 mum
370 910 569 952 maximis
593 909 778 960 viribus,
811 936 869 942 —
887 919 978 951 erat
1004 910 1120 951 enim
1143 910 1419 967 ponderosus
1453 918 1496 951 et
1526 918 1715 951 armatus

230 979 411 1035 optime,
443 1005 500 1010 -—
521 979 764 1029 elevarunt,
797 986 1030 1036 antequam
1063 995 1083 1019 a
1113 979 1452 1036 superveniente
1477 994 1617 1019 cuneo
1647 977 1714 1018 vel

230 1047 523 1096 occideretur,
550 1047 615 1088 vel
637 1047 825 1088 transitu
855 1047 1015 1104 pedum
1043 1047 1392 1088 conculcaretur.
1424 1047 1517 1088 Rex
1546 1055 1712 1096 autem,

230 1116 527 1173 prostratione
571 1124 611 1156 et
654 1115 897 1163 infortunio
933 1131 1010 1156 suo
1049 1114 1244 1156 totaliter
1281 1115 1510 1165 attonitus,
1554 1130 1713 1172 equum

231 1199 356 1225 suum
384 1183 632 1241 gubernare
663 1199 749 1224 nou
784 1183 950 1239 potuit,
990 1183 1104 1224 unde
1138 1199 1159 1223 a
1194 1183 1385 1240 quodam
1413 1182 1551 1224 milite
1585 1182 1716 1224 Flau-

232 1251 380 1293 drensi
411 1251 515 1310 agili
545 1260 588 1292 et
619 1252 719 1292 sorti
758 1251 811 1293 de
843 1252 963 1293 dicto
996 1268 1136 1293 cuneo
1165 1268 1297 1309 super
1324 1252 1468 1308 ipsum
1497 1250 1713 1300 irruente,

233 1321 344 1362 suste
378 1320 625 1377 prevalida,
667 1320 709 1360 in
757 1319 967 1361 anteriori
1004 1329 1128 1377 parte
1164 1320 1324 1362 serrum
1354 1319 1640 1361 fortissimum
1677 1328 1718 1360 et

232 1397 405 1429 acutum
446 1388 660 1429 habentes
686 1415 741 1419 —
764 1404 846 1445 qua
883 1389 993 1429 fuste
1028 1389 1230 1429 homines
1272 1397 1314 1429 et
1347 1388 1448 1445 equi
1484 1386 1718 1428 durissime

233 1457 352 1498 feriri
371 1465 558 1513 possunt
579 1456 632 1497 ab
661 1457 917 1497 hominibus
938 1456 1124 1497 fortibus
1145 1465 1188 1497 et
1206 1456 1379 1513 perfodi
1403 1472 1487 1497 uno
1510 1456 1595 1497 ictu
1616 1456 1643 1505 ¹,
1661 1481 1718 1486 ——

231 1541 329 1566 cum
359 1541 471 1581 equo
501 1541 578 1566 suo
613 1540 850 1582 percussus
878 1534 917 1566 et
943 1525 1135 1582 graviter
1160 1525 1294 1576 lesus,
1321 1540 1435 1582 equo
1465 1540 1543 1566 suo
1575 1523 1716 1565 fortis-

233 1592 343 1633 simo
372 1601 414 1633 et
436 1592 556 1649 agili,
583 1592 737 1633 dolore
759 1593 871 1633 ictus
895 1592 1085 1649 predicti
1113 1592 1351 1642 stimulato,
1380 1592 1516 1633 saltus
1536 1606 1717 1649 magnos

233 1660 440 1711 faciente,
480 1669 523 1702 et
560 1660 771 1702 velociter
808 1676 960 1702 versus
1000 1661 1171 1718 equites
1212 1660 1426 1718 quosdam
1468 1659 1600 1718 regis,
1643 1659 1717 1716 qui

232 1729 375 1786 ipsum
401 1731 552 1785 juvare
591 1744 678 1770 non
718 1728 956 1778 audebant,
993 1729 1070 1770 sed
1115 1729 1434 1786 aliquantulum
1472 1738 1638 1770 remote
1672 1744 1717 1768 se

232 1805 449 1847 tenentes,
476 1798 637 1838 exitum
659 1797 720 1838 rei
737 1797 1068 1854 exspectabant,
1088 1797 1182 1838 sine
1198 1796 1499 1854 gubernaculo
1522 1805 1563 1837 et
1579 1795 1716 1837 direc-

233 1865 352 1906 tione
386 1881 434 1906 ac
471 1865 676 1906 celeriter
711 1881 927 1923 prospero
969 1881 1069 1906 casu
1111 1874 1332 1915 currente,
1372 1865 1522 1906 hostes
1563 1863 1713 1907 evasit.

234 1935 398 1974 Omnes
430 1941 573 1974 autem
609 1932 761 1974 fideles
798 1933 881 1983 sui,
913 1933 987 1989 qui
1022 1932 1076 1974 de
1107 1932 1231 1990 equis
1261 1932 1350 1974 suis
1375 1931 1714 1980 descendentes,

234 2002 376 2058 ipsum
406 2018 538 2058 super
564 2017 723 2058 equum
751 2017 874 2042 suum
900 2001 1137 2052 elevarant,
1157 2017 1243 2042 non
1268 2000 1463 2042 valentes
1487 2000 1590 2041 satis
1613 2008 1716 2041 tem-

233 2069 400 2126 pestive
427 2086 528 2111 suos
556 2086 693 2127 equos
723 2069 982 2131 ascendere,
1015 2086 1100 2110 uuo
1127 2069 1193 2110 vel
1218 2069 1391 2110 duobus
1417 2068 1635 2125 exceptis,
1665 2069 1717 2109 ab

233 2138 435 2179 hostibus
471 2147 569 2179 suut
594 2138 740 2179 statim
766 2137 808 2178 in
838 2138 991 2179 eodem
1021 2138 1116 2179 loco
1141 2137 1418 2194 interempti,
1450 2146 1719 2194 quapropter

233 2206 349 2247 eirca
378 2206 492 2247 {ilios
515 2222 666 2247 eorum
699 2222 774 2247 rex
805 2205 970 2247 dicitur
998 2205 1335 2247 liberalissimus
1363 2205 1601 2246 exstitisse.
1628 2207 1718 2246 Rex

234 2274 381 2332 itaque
402 2290 567 2315 summa
589 2290 686 2315 cum
706 2275 925 2332 angustia,
950 2283 1094 2315 tamen
1117 2274 1285 2315 favente
1314 2273 1397 2314 sibi
1421 2275 1514 2314 Deo
1529 2299 1585 2304 —
1604 2272 1717 2313 dice-

234 2343 362 2383 batur
389 2343 505 2383 enim
531 2342 756 2399 piissimus
780 2351 819 2382 et
848 2342 1199 2383 modestissimus
1222 2342 1369 2393 homo,
1395 2342 1589 2398 quamvis
1618 2356 1717 2381 cou-

235 2410 388 2451 siliarii
421 2410 485 2451 sui
523 2427 618 2451 eum
657 2410 709 2451 ad
739 2410 897 2450 multas
925 2426 1108 2468 guerras
1134 2410 1427 2459 adduxerunt,
1456 2436 1514 2440 —
1541 2409 1593 2450 ad
1617 2426 1717 2450 suos

234 2478 489 2528 deveniens,
512 2478 613 2519 licet
639 2478 901 2519 invitissime
926 2479 1110 2536 sugeret,
1141 2486 1287 2519 tamen
1310 2479 1363 2519 ab
1392 2479 1454 2519 eis
1484 2477 1633 2535 sugere
1653 2486 1717 2518 est

236 2547 489 2604 compulsus
515 2555 558 2587 et
592 2555 784 2587 coactus.
823 2547 921 2587 Fuit
949 2555 1090 2587 autem
1116 2548 1236 2603 juxta
1270 2562 1416 2604 regem
1441 2555 1545 2587 tunc
1570 2545 1717 2586 valeu-

280 2714 304 2743 l.
332 2713 421 2744 C'est
440 2713 469 2743 le
490 2714 623 2744 fameux
640 2713 849 2756 goezlendag.
