<?xml version="1.0" encoding="UTF-8"?>
<!DOCTYPE html PUBLIC "-//W3C//DTD XHTML 1.0 Transitional//EN"
    "http://www.w3.org/TR/xhtml1/DTD/xhtml1-transitional.dtd">
<html xmlns="http://www.w3.org/1999/xhtml" xml:lang="en" lang="en">
 <head>
  <title>
</title>
<meta http-equiv="Content-Type" content="text/html;charset=utf-8" />
  <meta name='ocr-system' content='tesseract 3.04.00' />
  <meta name='ocr-capabilities' content='ocr_page ocr_carea ocr_par ocr_line ocrx_word'/>
</head>
<body>
  <div class='ocr_page' id='page_1' title='image "./annalesgandenses00funcuoft_0121.png"; bbox 0 0 1856 2963; ppageno 0'>
   <div class='ocr_carea' id='block_1_1' title="bbox 168 184 1650 218">
    <p class='ocr_par' dir='ltr' id='par_1_1' title="bbox 168 184 1650 218">
     <span class='ocr_line' id='line_1_1' title="bbox 168 184 1650 218; baseline -0.003 0"><span class='ocrx_word' id='word_1_1' title='bbox 168 188 247 218; x_wconf 69' lang='lat'>1304</span> <span class='ocrx_word' id='word_1_2' title='bbox 672 185 868 216; x_wconf 84' lang='lat' dir='ltr'><strong>ANNALES</strong></span> <span class='ocrx_word' id='word_1_3' title='bbox 894 184 1148 216; x_wconf 88' lang='lat' dir='ltr'><strong>GANDENSES</strong></span> <span class='ocrx_word' id='word_1_4' title='bbox 1612 185 1650 214; x_wconf 84' lang='lat'>73</span> 
     </span>
    </p>
   </div>
   <div class='ocr_carea' id='block_1_2' title="bbox 164 262 1651 2763">
    <p class='ocr_par' dir='ltr' id='par_1_2' title="bbox 164 262 1650 1482">
     <span class='ocr_line' id='line_1_2' title="bbox 169 262 1649 321; baseline -0.003 -14"><span class='ocrx_word' id='word_1_5' title='bbox 169 281 347 307; x_wconf 91' lang='lat' dir='ltr'>suorum</span> <span class='ocrx_word' id='word_1_6' title='bbox 381 274 424 306; x_wconf 91' lang='lat' dir='ltr'>et</span> <span class='ocrx_word' id='word_1_7' title='bbox 452 263 582 306; x_wconf 87' lang='lat' dir='ltr'>etiam</span> <span class='ocrx_word' id='word_1_8' title='bbox 610 263 822 309; x_wconf 84' lang='lat' dir='ltr'>hostium,</span> <span class='ocrx_word' id='word_1_9' title='bbox 851 263 1048 319; x_wconf 85' lang='lat' dir='ltr'>Cumque</span> <span class='ocrx_word' id='word_1_10' title='bbox 1071 263 1132 304; x_wconf 89' lang='lat' dir='ltr'>sic</span> <span class='ocrx_word' id='word_1_11' title='bbox 1159 263 1293 321; x_wconf 83' lang='lat' dir='ltr'>longo</span> <span class='ocrx_word' id='word_1_12' title='bbox 1318 271 1514 319; x_wconf 86' lang='lat' dir='ltr'>tempore</span> <span class='ocrx_word' id='word_1_13' title='bbox 1539 262 1649 302; x_wconf 90' lang='lat' dir='ltr'>tales</span> 
     </span>
     <span class='ocr_line' id='line_1_3' title="bbox 167 329 1650 391; baseline -0.003 -16"><span class='ocrx_word' id='word_1_14' title='bbox 167 333 456 391; x_wconf 79' lang='lat' dir='ltr'>particulares</span> <span class='ocrx_word' id='word_1_15' title='bbox 480 348 627 391; x_wconf 84' lang='lat' dir='ltr'>pugne</span> <span class='ocrx_word' id='word_1_16' title='bbox 658 333 772 373; x_wconf 90' lang='lat' dir='ltr'>inter</span> <span class='ocrx_word' id='word_1_17' title='bbox 793 332 944 372; x_wconf 86' lang='lat' dir='ltr'>hostes</span> <span class='ocrx_word' id='word_1_18' title='bbox 969 330 1148 380; x_wconf 85' lang='lat' dir='ltr'>fierent,</span> <span class='ocrx_word' id='word_1_19' title='bbox 1174 346 1257 387; x_wconf 93' lang='lat' dir='ltr'>que</span> <span class='ocrx_word' id='word_1_20' title='bbox 1284 331 1422 388; x_wconf 83' lang='lat' dir='ltr'>magis</span> <span class='ocrx_word' id='word_1_21' title='bbox 1450 329 1650 387; x_wconf 84' lang='lat' dir='ltr'>preludia</span> 
     </span>
     <span class='ocr_line' id='line_1_4' title="bbox 167 399 1649 459; baseline -0.003 -16"><span class='ocrx_word' id='word_1_22' title='bbox 167 401 272 444; x_wconf 84' lang='lat' dir='ltr'>belli</span> <span class='ocrx_word' id='word_1_23' title='bbox 297 418 426 459; x_wconf 88' lang='lat' dir='ltr'>quam</span> <span class='ocrx_word' id='word_1_24' title='bbox 462 401 578 442; x_wconf 87' lang='lat' dir='ltr'>bella</span> <span class='ocrx_word' id='word_1_25' title='bbox 607 409 709 442; x_wconf 92' lang='lat' dir='ltr'>sunt</span> <span class='ocrx_word' id='word_1_26' title='bbox 741 399 953 451; x_wconf 83' lang='lat' dir='ltr'>vocanda,</span> <span class='ocrx_word' id='word_1_27' title='bbox 991 408 1190 456; x_wconf 82' lang='lat' dir='ltr'>exparte</span> <span class='ocrx_word' id='word_1_28' title='bbox 1220 400 1336 457; x_wconf 84' lang='lat' dir='ltr'>regis</span> <span class='ocrx_word' id='word_1_29' title='bbox 1365 399 1551 456; x_wconf 87' lang='lat' dir='ltr'>petitum</span> <span class='ocrx_word' id='word_1_30' title='bbox 1586 414 1649 439; x_wconf 78' lang='lat' dir='ltr'>es-</span> 
     </span>
     <span class='ocr_line' id='line_1_5' title="bbox 166 466 1649 525; baseline -0.003 -14"><span class='ocrx_word' id='word_1_31' title='bbox 166 486 262 513; x_wconf 84' lang='lat' dir='ltr'>cum</span> <span class='ocrx_word' id='word_1_32' title='bbox 298 470 484 511; x_wconf 84' lang='lat' dir='ltr'>maximo</span> <span class='ocrx_word' id='word_1_33' title='bbox 513 469 631 519; x_wconf 88' lang='lat' dir='ltr'>dolo,</span> <span class='ocrx_word' id='word_1_34' title='bbox 657 477 702 510; x_wconf 88' lang='lat' dir='ltr'>ut</span> <span class='ocrx_word' id='word_1_35' title='bbox 728 468 781 509; x_wconf 89' lang='lat' dir='ltr'>de</span> <span class='ocrx_word' id='word_1_36' title='bbox 818 483 925 525; x_wconf 84' lang='lat' dir='ltr'>paee</span> <span class='ocrx_word' id='word_1_37' title='bbox 964 476 1174 509; x_wconf 86' lang='lat' dir='ltr'>tractatus</span> <span class='ocrx_word' id='word_1_38' title='bbox 1206 467 1458 508; x_wconf 79' lang='lat' dir='ltr'>haberetur.</span> <span class='ocrx_word' id='word_1_39' title='bbox 1491 466 1649 508; x_wconf 82' lang='lat' dir='ltr'>Fland-</span> 
     </span>
     <span class='ocr_line' id='line_1_6' title="bbox 166 535 1649 595; baseline -0.003 -15"><span class='ocrx_word' id='word_1_40' title='bbox 166 554 317 580; x_wconf 87' lang='lat' dir='ltr'>renses</span> <span class='ocrx_word' id='word_1_41' title='bbox 345 537 496 595; x_wconf 81' lang='lat' dir='ltr'>igitur,</span> <span class='ocrx_word' id='word_1_42' title='bbox 531 536 603 595; x_wconf 90' lang='lat' dir='ltr'>qui</span> <span class='ocrx_word' id='word_1_43' title='bbox 640 552 814 593; x_wconf 82' lang='lat' dir='ltr'>semper</span> <span class='ocrx_word' id='word_1_44' title='bbox 851 551 1002 593; x_wconf 85' lang='lat' dir='ltr'>pacem</span> <span class='ocrx_word' id='word_1_45' title='bbox 1035 535 1368 585; x_wconf 77' lang='lat' dir='ltr'>desiderabant,</span> <span class='ocrx_word' id='word_1_46' title='bbox 1411 535 1453 576; x_wconf 86' lang='lat' dir='ltr'>in</span> <span class='ocrx_word' id='word_1_47' title='bbox 1486 543 1649 576; x_wconf 82' lang='lat' dir='ltr'>tracta-</span> 
     </span>
     <span class='ocr_line' id='line_1_7' title="bbox 165 603 1648 660; baseline -0.003 -12"><span class='ocrx_word' id='word_1_48' title='bbox 165 616 256 649; x_wconf 90' lang='lat' dir='ltr'>tum</span> <span class='ocrx_word' id='word_1_49' title='bbox 279 614 622 648; x_wconf 89' lang='lat' dir='ltr'>consenserunt.</span> <span class='ocrx_word' id='word_1_50' title='bbox 658 604 746 647; x_wconf 86' lang='lat' dir='ltr'>Sed</span> <span class='ocrx_word' id='word_1_51' title='bbox 775 604 877 645; x_wconf 86' lang='lat' dir='ltr'>dum</span> <span class='ocrx_word' id='word_1_52' title='bbox 906 603 959 645; x_wconf 86' lang='lat' dir='ltr'>de</span> <span class='ocrx_word' id='word_1_53' title='bbox 989 619 1093 660; x_wconf 84' lang='lat' dir='ltr'>pace</span> <span class='ocrx_word' id='word_1_54' title='bbox 1124 603 1239 644; x_wconf 84' lang='lat' dir='ltr'>inter</span> <span class='ocrx_word' id='word_1_55' title='bbox 1265 612 1411 660; x_wconf 86' lang='lat' dir='ltr'>partes</span> <span class='ocrx_word' id='word_1_56' title='bbox 1442 611 1648 644; x_wconf 85' lang='lat' dir='ltr'>tractare-</span> 
     </span>
     <span class='ocr_line' id='line_1_8' title="bbox 165 671 1648 730; baseline -0.003 -14"><span class='ocrx_word' id='word_1_57' title='bbox 165 683 252 725; x_wconf 85' lang='lat' dir='ltr'>tur,</span> <span class='ocrx_word' id='word_1_58' title='bbox 283 683 325 715; x_wconf 88' lang='lat' dir='ltr'>et</span> <span class='ocrx_word' id='word_1_59' title='bbox 346 676 388 715; x_wconf 89' lang='lat' dir='ltr'>in</span> <span class='ocrx_word' id='word_1_60' title='bbox 413 683 598 730; x_wconf 86' lang='lat' dir='ltr'>utraque</span> <span class='ocrx_word' id='word_1_61' title='bbox 624 672 715 714; x_wconf 86' lang='lat' dir='ltr'>acie</span> <span class='ocrx_word' id='word_1_62' title='bbox 737 681 854 713; x_wconf 88' lang='lat' dir='ltr'>esset</span> <span class='ocrx_word' id='word_1_63' title='bbox 881 671 1215 729; x_wconf 82' lang='lat' dir='ltr'>proclamatum,</span> <span class='ocrx_word' id='word_1_64' title='bbox 1244 671 1363 728; x_wconf 84' lang='lat' dir='ltr'>quod</span> <span class='ocrx_word' id='word_1_65' title='bbox 1385 687 1537 712; x_wconf 87' lang='lat' dir='ltr'>omnes</span> <span class='ocrx_word' id='word_1_66' title='bbox 1568 681 1648 712; x_wconf 84' lang='lat' dir='ltr'>sta-</span> 
     </span>
     <span class='ocr_line' id='line_1_9' title="bbox 167 739 1648 799; baseline -0.003 -15"><span class='ocrx_word' id='word_1_67' title='bbox 167 751 264 784; x_wconf 87' lang='lat' dir='ltr'>rent</span> <span class='ocrx_word' id='word_1_68' title='bbox 285 743 327 784; x_wconf 89' lang='lat' dir='ltr'>in</span> <span class='ocrx_word' id='word_1_69' title='bbox 357 742 521 799; x_wconf 85' lang='lat' dir='ltr'>quiete,</span> <span class='ocrx_word' id='word_1_70' title='bbox 554 750 596 782; x_wconf 91' lang='lat' dir='ltr'>et</span> <span class='ocrx_word' id='word_1_71' title='bbox 616 757 728 782; x_wconf 89' lang='lat' dir='ltr'>unus</span> <span class='ocrx_word' id='word_1_72' title='bbox 750 739 875 781; x_wconf 89' lang='lat' dir='ltr'>alteri</span> <span class='ocrx_word' id='word_1_73' title='bbox 905 755 991 780; x_wconf 89' lang='lat' dir='ltr'>non</span> <span class='ocrx_word' id='word_1_74' title='bbox 1015 748 1195 781; x_wconf 80' lang='lat' dir='ltr'>noceret</span> <span class='ocrx_word' id='word_1_75' title='bbox 1219 756 1228 781; x_wconf 89' lang='grc'>;</span> <span class='ocrx_word' id='word_1_76' title='bbox 1254 756 1343 788; x_wconf 85' lang='lat' dir='ltr'>rex,</span> <span class='ocrx_word' id='word_1_77' title='bbox 1370 739 1503 794; x_wconf 88' lang='lat' dir='ltr'>quiin</span> <span class='ocrx_word' id='word_1_78' title='bbox 1531 740 1648 796; x_wconf 88' lang='lat' dir='ltr'>equi-</span> 
     </span>
     <span class='ocr_line' id='line_1_10' title="bbox 164 807 1648 865; baseline -0.003 -13"><span class='ocrx_word' id='word_1_79' title='bbox 164 811 282 852; x_wconf 87' lang='lat' dir='ltr'>tibus</span> <span class='ocrx_word' id='word_1_80' title='bbox 306 810 573 859; x_wconf 82' lang='lat' dir='ltr'>abundabat,</span> <span class='ocrx_word' id='word_1_81' title='bbox 599 825 728 850; x_wconf 90' lang='lat' dir='ltr'>unam</span> <span class='ocrx_word' id='word_1_82' title='bbox 753 808 889 849; x_wconf 84' lang='lat' dir='ltr'>aciem</span> <span class='ocrx_word' id='word_1_83' title='bbox 910 807 1106 865; x_wconf 79' lang='lat' dir='ltr'>equitum</span> <span class='ocrx_word' id='word_1_84' title='bbox 1128 824 1224 849; x_wconf 88' lang='lat' dir='ltr'>cum</span> <span class='ocrx_word' id='word_1_85' title='bbox 1250 807 1398 848; x_wconf 87' lang='lat' dir='ltr'>multis</span> <span class='ocrx_word' id='word_1_86' title='bbox 1421 808 1648 865; x_wconf 85' lang='lat' dir='ltr'>peditibus</span> 
     </span>
     <span class='ocr_line' id='line_1_11' title="bbox 166 876 1647 920; baseline -0.003 0"><span class='ocrx_word' id='word_1_87' title='bbox 166 879 284 920; x_wconf 84' lang='lat' dir='ltr'>misit</span> <span class='ocrx_word' id='word_1_88' title='bbox 304 895 455 920; x_wconf 85' lang='lat' dir='ltr'>versus</span> <span class='ocrx_word' id='word_1_89' title='bbox 487 877 714 919; x_wconf 88' lang='lat' dir='ltr'>sinistrum</span> <span class='ocrx_word' id='word_1_90' title='bbox 746 877 859 918; x_wconf 81' lang='lat' dir='ltr'>latus</span> <span class='ocrx_word' id='word_1_91' title='bbox 888 876 1106 917; x_wconf 84' lang='lat' dir='ltr'>exercitus</span> <span class='ocrx_word' id='word_1_92' title='bbox 1133 876 1418 917; x_wconf 84' lang='lat' dir='ltr'>Flandrensis</span> <span class='ocrx_word' id='word_1_93' title='bbox 1447 884 1489 917; x_wconf 90' lang='lat' dir='ltr'>et</span> <span class='ocrx_word' id='word_1_94' title='bbox 1521 876 1647 916; x_wconf 87' lang='lat' dir='ltr'>aliam</span> 
     </span>
     <span class='ocr_line' id='line_1_12' title="bbox 165 943 1648 1004; baseline -0.003 -15"><span class='ocrx_word' id='word_1_95' title='bbox 165 964 314 988; x_wconf 84' lang='lat' dir='ltr'>versus</span> <span class='ocrx_word' id='word_1_96' title='bbox 339 947 533 988; x_wconf 83' lang='lat' dir='ltr'>dextram</span> <span class='ocrx_word' id='word_1_97' title='bbox 550 980 558 996; x_wconf 95' lang='lat'>,</span> <span class='ocrx_word' id='word_1_98' title='bbox 588 944 710 1004; x_wconf 84' lang='lat' dir='ltr'>quasi</span> <span class='ocrx_word' id='word_1_99' title='bbox 740 961 818 1001; x_wconf 91' lang='lat' dir='ltr'>per</span> <span class='ocrx_word' id='word_1_100' title='bbox 844 960 918 985; x_wconf 91' lang='lat' dir='ltr'>eos</span> <span class='ocrx_word' id='word_1_101' title='bbox 939 943 1286 986; x_wconf 85' lang='lat' dir='ltr'>Flandrensibns</span> <span class='ocrx_word' id='word_1_102' title='bbox 1312 960 1333 985; x_wconf 87' lang='lat' dir='ltr'>a</span> <span class='ocrx_word' id='word_1_103' title='bbox 1361 953 1486 1001; x_wconf 81' lang='lat' dir='ltr'>tergo</span> <span class='ocrx_word' id='word_1_104' title='bbox 1515 960 1648 984; x_wconf 84' lang='lat' dir='ltr'>nocc-</span> 
     </span>
     <span class='ocr_line' id='line_1_13' title="bbox 165 1011 1649 1071; baseline -0.003 -14"><span class='ocrx_word' id='word_1_105' title='bbox 165 1024 246 1057; x_wconf 90' lang='lat' dir='ltr'>ret.</span> <span class='ocrx_word' id='word_1_106' title='bbox 291 1016 377 1070; x_wconf 87' lang='lat' dir='ltr'>Qui</span> <span class='ocrx_word' id='word_1_107' title='bbox 421 1015 570 1056; x_wconf 85' lang='lat' dir='ltr'>dolum</span> <span class='ocrx_word' id='word_1_108' title='bbox 616 1021 960 1071; x_wconf 79' lang='lat' dir='ltr'>cognoscentes,</span> <span class='ocrx_word' id='word_1_109' title='bbox 1018 1012 1199 1053; x_wconf 88' lang='lat' dir='ltr'>ulterius</span> <span class='ocrx_word' id='word_1_110' title='bbox 1252 1013 1295 1052; x_wconf 93' lang='lat' dir='ltr'>in</span> <span class='ocrx_word' id='word_1_111' title='bbox 1342 1011 1490 1069; x_wconf 86' lang='lat' dir='ltr'>quiete</span> <span class='ocrx_word' id='word_1_112' title='bbox 1536 1020 1649 1053; x_wconf 87' lang='lat' dir='ltr'>stare</span> 
     </span>
     <span class='ocr_line' id='line_1_14' title="bbox 166 1080 1648 1139; baseline -0.004 -13"><span class='ocrx_word' id='word_1_113' title='bbox 166 1084 383 1135; x_wconf 89' lang='lat' dir='ltr'>nolentes,</span> <span class='ocrx_word' id='word_1_114' title='bbox 412 1084 524 1124; x_wconf 84' lang='lat' dir='ltr'>sieut</span> <span class='ocrx_word' id='word_1_115' title='bbox 542 1081 664 1139; x_wconf 87' lang='lat' dir='ltr'>prius</span> <span class='ocrx_word' id='word_1_116' title='bbox 688 1097 884 1139; x_wconf 81' lang='lat' dir='ltr'>pugnare</span> <span class='ocrx_word' id='word_1_117' title='bbox 902 1089 1130 1137; x_wconf 86' lang='lat' dir='ltr'>ceperunt.</span> <span class='ocrx_word' id='word_1_118' title='bbox 1154 1081 1285 1122; x_wconf 82' lang='lat' dir='ltr'>Venit</span> <span class='ocrx_word' id='word_1_119' title='bbox 1307 1089 1449 1121; x_wconf 84' lang='lat' dir='ltr'>autem</span> <span class='ocrx_word' id='word_1_120' title='bbox 1470 1080 1648 1138; x_wconf 89' lang='lat' dir='ltr'>quidam</span> 
     </span>
     <span class='ocr_line' id='line_1_15' title="bbox 164 1148 1648 1209; baseline -0.004 -15"><span class='ocrx_word' id='word_1_121' title='bbox 164 1169 298 1209; x_wconf 84' lang='lat' dir='ltr'>eques</span> <span class='ocrx_word' id='word_1_122' title='bbox 335 1152 388 1193; x_wconf 89' lang='lat' dir='ltr'>de</span> <span class='ocrx_word' id='word_1_123' title='bbox 423 1150 618 1192; x_wconf 85' lang='lat' dir='ltr'>exercitu</span> <span class='ocrx_word' id='word_1_124' title='bbox 659 1150 775 1207; x_wconf 80' lang='lat' dir='ltr'>regis</span> <span class='ocrx_word' id='word_1_125' title='bbox 819 1165 916 1190; x_wconf 86' lang='lat' dir='ltr'>cum</span> <span class='ocrx_word' id='word_1_126' title='bbox 959 1149 1198 1190; x_wconf 80' lang='lat' dir='ltr'>fortissimo</span> <span class='ocrx_word' id='word_1_127' title='bbox 1233 1164 1346 1205; x_wconf 90' lang='lat' dir='ltr'>equo</span> <span class='ocrx_word' id='word_1_128' title='bbox 1390 1157 1432 1189; x_wconf 89' lang='lat' dir='ltr'>et</span> <span class='ocrx_word' id='word_1_129' title='bbox 1483 1148 1648 1205; x_wconf 80' lang='lat' dir='ltr'>optime</span> 
     </span>
     <span class='ocr_line' id='line_1_16' title="bbox 165 1216 1649 1277; baseline -0.004 -15"><span class='ocrx_word' id='word_1_130' title='bbox 165 1229 370 1269; x_wconf 76' lang='lat' dir='ltr'>armatus,</span> <span class='ocrx_word' id='word_1_131' title='bbox 397 1218 536 1277; x_wconf 76' lang='lat' dir='ltr'>signis</span> <span class='ocrx_word' id='word_1_132' title='bbox 566 1217 734 1260; x_wconf 87' lang='lat' dir='ltr'>bellicis</span> <span class='ocrx_word' id='word_1_133' title='bbox 764 1217 938 1259; x_wconf 85' lang='lat' dir='ltr'>comitis</span> <span class='ocrx_word' id='word_1_134' title='bbox 979 1226 1158 1258; x_wconf 89' lang='lat' dir='ltr'>ornatus</span> <span class='ocrx_word' id='word_1_135' title='bbox 1196 1216 1432 1267; x_wconf 70' lang='lat' dir='ltr'>sabaudie,</span> <span class='ocrx_word' id='word_1_136' title='bbox 1459 1216 1649 1257; x_wconf 84' lang='lat' dir='ltr'>clamans</span> 
     </span>
     <span class='ocr_line' id='line_1_17' title="bbox 166 1284 1649 1343; baseline -0.004 -13"><span class='ocrx_word' id='word_1_137' title='bbox 166 1289 315 1330; x_wconf 85' lang='lat' dir='ltr'>dolose</span> <span class='ocrx_word' id='word_1_138' title='bbox 337 1306 344 1329; x_wconf 90' lang='lat'><strong>:</strong></span> <span class='ocrx_word' id='word_1_139' title='bbox 376 1306 394 1327; x_wconf 89' lang='lat'>«</span> <span class='ocrx_word' id='word_1_140' title='bbox 422 1287 533 1328; x_wconf 77' lang='lat' dir='ltr'>Pax!</span> <span class='ocrx_word' id='word_1_141' title='bbox 557 1286 667 1328; x_wconf 82' lang='lat' dir='ltr'>Pax!</span> <span class='ocrx_word' id='word_1_142' title='bbox 696 1304 735 1337; x_wconf 84' lang='grc'>)),</span> <span class='ocrx_word' id='word_1_143' title='bbox 768 1302 896 1343; x_wconf 85' lang='lat' dir='ltr'>quem</span> <span class='ocrx_word' id='word_1_144' title='bbox 921 1285 1232 1335; x_wconf 85' lang='lat' dir='ltr'>Flandrenses,</span> <span class='ocrx_word' id='word_1_145' title='bbox 1258 1284 1421 1325; x_wconf 86' lang='lat' dir='ltr'>dietum</span> <span class='ocrx_word' id='word_1_146' title='bbox 1447 1284 1649 1325; x_wconf 88' lang='lat' dir='ltr'>comitem</span> 
     </span>
     <span class='ocr_line' id='line_1_18' title="bbox 166 1352 1650 1406; baseline -0.003 -9"><span class='ocrx_word' id='word_1_147' title='bbox 166 1373 261 1397; x_wconf 81' lang='lat' dir='ltr'>esse</span> <span class='ocrx_word' id='word_1_148' title='bbox 284 1356 533 1406; x_wconf 86' lang='lat' dir='ltr'>credentes,</span> <span class='ocrx_word' id='word_1_149' title='bbox 556 1353 832 1403; x_wconf 80' lang='lat' dir='ltr'>occiderunt,</span> <span class='ocrx_word' id='word_1_150' title='bbox 856 1353 965 1394; x_wconf 85' lang='lat' dir='ltr'>nihil</span> <span class='ocrx_word' id='word_1_151' title='bbox 990 1353 1140 1394; x_wconf 87' lang='lat' dir='ltr'>audire</span> <span class='ocrx_word' id='word_1_152' title='bbox 1164 1353 1361 1394; x_wconf 88' lang='lat' dir='ltr'>volentes</span> <span class='ocrx_word' id='word_1_153' title='bbox 1385 1352 1567 1393; x_wconf 84' lang='lat' dir='ltr'>ulterius</span> <span class='ocrx_word' id='word_1_154' title='bbox 1597 1352 1650 1393; x_wconf 85' lang='lat' dir='ltr'>de</span> 
     </span>
     <span class='ocr_line' id='line_1_19' title="bbox 167 1441 289 1482; baseline 0.016 -17"><span class='ocrx_word' id='word_1_155' title='bbox 167 1441 289 1482; x_wconf 77' lang='lat' dir='ltr'>paee.</span> 
     </span>
    </p>

    <p class='ocr_par' dir='ltr' id='par_1_3' title="bbox 166 1484 1651 2763">
     <span class='ocr_line' id='line_1_20' title="bbox 227 1484 1649 1550; baseline -0.003 -17"><span class='ocrx_word' id='word_1_156' title='bbox 227 1495 449 1550; x_wconf 69' lang='lat' dir='ltr'>(leperunt</span> <span class='ocrx_word' id='word_1_157' title='bbox 474 1492 621 1548; x_wconf 85' lang='lat' dir='ltr'>itaque</span> <span class='ocrx_word' id='word_1_158' title='bbox 647 1506 844 1548; x_wconf 82' lang='lat' dir='ltr'>pugnare</span> <span class='ocrx_word' id='word_1_159' title='bbox 871 1507 921 1531; x_wconf 78' lang='lat' dir='ltr'>ex</span> <span class='ocrx_word' id='word_1_160' title='bbox 950 1484 1133 1547; x_wconf 66' lang='lat' dir='ltr'>[itiaque</span> <span class='ocrx_word' id='word_1_161' title='bbox 1162 1498 1285 1547; x_wconf 86' lang='lat' dir='ltr'>parte</span> <span class='ocrx_word' id='word_1_162' title='bbox 1321 1489 1433 1530; x_wconf 75' lang='lat' dir='ltr'>sicut</span> <span class='ocrx_word' id='word_1_163' title='bbox 1465 1489 1586 1546; x_wconf 87' lang='lat' dir='ltr'>prius</span> <span class='ocrx_word' id='word_1_164' title='bbox 1610 1498 1649 1529; x_wconf 86' lang='lat' dir='ltr'>et</span> 
     </span>
     <span class='ocr_line' id='line_1_21' title="bbox 167 1557 1651 1602; baseline -0.002 -1"><span class='ocrx_word' id='word_1_165' title='bbox 167 1561 326 1602; x_wconf 86' lang='lat' dir='ltr'>acrius.</span> <span class='ocrx_word' id='word_1_166' title='bbox 368 1560 600 1601; x_wconf 88' lang='lat' dir='ltr'>Potissime</span> <span class='ocrx_word' id='word_1_167' title='bbox 632 1568 774 1600; x_wconf 83' lang='lat' dir='ltr'>autem</span> <span class='ocrx_word' id='word_1_168' title='bbox 812 1558 925 1599; x_wconf 88' lang='lat' dir='ltr'>inter</span> <span class='ocrx_word' id='word_1_169' title='bbox 960 1560 1150 1599; x_wconf 84' lang='lat' dir='ltr'>Francos</span> <span class='ocrx_word' id='word_1_170' title='bbox 1189 1567 1231 1598; x_wconf 90' lang='lat' dir='ltr'>et</span> <span class='ocrx_word' id='word_1_171' title='bbox 1265 1557 1522 1597; x_wconf 69' lang='lat' dir='ltr'>(laudenses</span> <span class='ocrx_word' id='word_1_172' title='bbox 1559 1566 1651 1598; x_wconf 83' lang='lat' dir='ltr'>erat</span> 
     </span>
     <span class='ocr_line' id='line_1_22' title="bbox 166 1625 1650 1685; baseline -0.003 -16"><span class='ocrx_word' id='word_1_173' title='bbox 166 1645 312 1685; x_wconf 74' lang='lat' dir='ltr'>pugna</span> <span class='ocrx_word' id='word_1_174' title='bbox 343 1627 541 1685; x_wconf 76' lang='lat' dir='ltr'>gravi0r3</span> <span class='ocrx_word' id='word_1_175' title='bbox 569 1628 725 1669; x_wconf 86' lang='lat' dir='ltr'>Franci</span> <span class='ocrx_word' id='word_1_176' title='bbox 746 1626 861 1668; x_wconf 91' lang='lat' dir='ltr'>enim</span> <span class='ocrx_word' id='word_1_177' title='bbox 893 1642 989 1667; x_wconf 85' lang='lat' dir='ltr'>eum</span> <span class='ocrx_word' id='word_1_178' title='bbox 1014 1625 1165 1667; x_wconf 88' lang='lat' dir='ltr'>cuneis</span> <span class='ocrx_word' id='word_1_179' title='bbox 1195 1626 1284 1667; x_wconf 83' lang='lat' dir='ltr'>suis</span> <span class='ocrx_word' id='word_1_180' title='bbox 1310 1625 1376 1666; x_wconf 64' lang='lat' dir='ltr'>vel</span> <span class='ocrx_word' id='word_1_181' title='bbox 1400 1625 1555 1666; x_wconf 88' lang='lat' dir='ltr'>turmis</span> <span class='ocrx_word' id='word_1_182' title='bbox 1577 1642 1650 1665; x_wconf 83' lang='lat' dir='ltr'>eos</span> 
     </span>
     <span class='ocr_line' id='line_1_23' title="bbox 168 1693 1650 1753; baseline -0.001 -17"><span class='ocrx_word' id='word_1_183' title='bbox 168 1697 495 1753; x_wconf 75' lang='lat' dir='ltr'>inipugnanteS‚</span> <span class='ocrx_word' id='word_1_184' title='bbox 534 1711 630 1736; x_wconf 87' lang='lat' dir='ltr'>cum</span> <span class='ocrx_word' id='word_1_185' title='bbox 671 1696 772 1735; x_wconf 79' lang='lat' dir='ltr'>sessi</span> <span class='ocrx_word' id='word_1_186' title='bbox 814 1703 964 1735; x_wconf 84' lang='lat' dir='ltr'>essent</span> <span class='ocrx_word' id='word_1_187' title='bbox 1004 1702 1045 1734; x_wconf 86' lang='lat' dir='ltr'>et</span> <span class='ocrx_word' id='word_1_188' title='bbox 1083 1694 1207 1734; x_wconf 88' lang='lat' dir='ltr'>multi</span> <span class='ocrx_word' id='word_1_189' title='bbox 1245 1710 1294 1734; x_wconf 84' lang='lat' dir='ltr'>ex</span> <span class='ocrx_word' id='word_1_190' title='bbox 1337 1694 1399 1733; x_wconf 89' lang='lat' dir='ltr'>eis</span> <span class='ocrx_word' id='word_1_191' title='bbox 1436 1693 1650 1734; x_wconf 72' lang='lat' dir='ltr'>vulnerati</span> 
     </span>
     <span class='ocr_line' id='line_1_24' title="bbox 167 1761 1650 1819; baseline -0.002 -15"><span class='ocrx_word' id='word_1_192' title='bbox 167 1764 231 1805; x_wconf 86' lang='lat' dir='ltr'>vel</span> <span class='ocrx_word' id='word_1_193' title='bbox 255 1763 408 1812; x_wconf 82' lang='lat' dir='ltr'>occisi,</span> <span class='ocrx_word' id='word_1_194' title='bbox 436 1763 639 1804; x_wconf 88' lang='lat' dir='ltr'>retractis</span> <span class='ocrx_word' id='word_1_195' title='bbox 668 1762 792 1819; x_wconf 87' lang='lat' dir='ltr'>equis</span> <span class='ocrx_word' id='word_1_196' title='bbox 820 1763 908 1803; x_wconf 86' lang='lat' dir='ltr'>suis</span> <span class='ocrx_word' id='word_1_197' title='bbox 935 1778 1031 1803; x_wconf 88' lang='lat' dir='ltr'>cum</span> <span class='ocrx_word' id='word_1_198' title='bbox 1057 1762 1207 1811; x_wconf 75' lang='lat' dir='ltr'>frenis,</span> <span class='ocrx_word' id='word_1_199' title='bbox 1241 1761 1513 1811; x_wconf 68' lang='lat' dir='ltr'>resnliebant,</span> <span class='ocrx_word' id='word_1_200' title='bbox 1545 1762 1650 1802; x_wconf 75' lang='lat' dir='ltr'>alios</span> 
     </span>
     <span class='ocr_line' id='line_1_25' title="bbox 167 1830 1650 1887; baseline -0.002 -15"><span class='ocrx_word' id='word_1_201' title='bbox 167 1841 366 1873; x_wconf 80' lang='lat' dir='ltr'>recentes</span> <span class='ocrx_word' id='word_1_202' title='bbox 405 1832 630 1872; x_wconf 85' lang='lat' dir='ltr'>mittentes</span> <span class='ocrx_word' id='word_1_203' title='bbox 676 1832 728 1871; x_wconf 90' lang='lat' dir='ltr'>ad</span> <span class='ocrx_word' id='word_1_204' title='bbox 766 1830 1058 1887; x_wconf 72' lang='lat' dir='ltr'>preliandum.</span> <span class='ocrx_word' id='word_1_205' title='bbox 1101 1830 1361 1870; x_wconf 70' lang='lat' dir='ltr'>(laudenses</span> <span class='ocrx_word' id='word_1_206' title='bbox 1400 1838 1542 1870; x_wconf 84' lang='lat' dir='ltr'>autem</span> <span class='ocrx_word' id='word_1_207' title='bbox 1576 1846 1650 1869; x_wconf 79' lang='lat' dir='ltr'>eos</span> 
     </span>
     <span class='ocr_line' id='line_1_26' title="bbox 167 1897 1650 1955; baseline -0.002 -15"><span class='ocrx_word' id='word_1_208' title='bbox 167 1899 239 1940; x_wconf 87' lang='lat' dir='ltr'>diu</span> <span class='ocrx_word' id='word_1_209' title='bbox 276 1916 370 1940; x_wconf 82' lang='lat' dir='ltr'>cum</span> <span class='ocrx_word' id='word_1_210' title='bbox 398 1899 549 1940; x_wconf 84' lang='lat' dir='ltr'>cuneis</span> <span class='ocrx_word' id='word_1_211' title='bbox 584 1899 757 1955; x_wconf 79' lang='lat' dir='ltr'>insequi</span> <span class='ocrx_word' id='word_1_212' title='bbox 789 1915 875 1939; x_wconf 91' lang='lat' dir='ltr'>non</span> <span class='ocrx_word' id='word_1_213' title='bbox 911 1906 1140 1955; x_wconf 81' lang='lat' dir='ltr'>poterant,</span> <span class='ocrx_word' id='word_1_214' title='bbox 1184 1913 1237 1938; x_wconf 92' lang='lat' dir='ltr'>ne</span> <span class='ocrx_word' id='word_1_215' title='bbox 1271 1914 1433 1938; x_wconf 84' lang='lat' dir='ltr'>cuneos</span> <span class='ocrx_word' id='word_1_216' title='bbox 1469 1898 1521 1938; x_wconf 85' lang='lat' dir='ltr'>ab</span> <span class='ocrx_word' id='word_1_217' title='bbox 1559 1897 1650 1938; x_wconf 84' lang='lat' dir='ltr'>acie</span> 
     </span>
     <span class='ocr_line' id='line_1_27' title="bbox 167 1965 1650 2024; baseline -0.001 -17"><span class='ocrx_word' id='word_1_218' title='bbox 167 1968 359 2024; x_wconf 80' lang='lat' dir='ltr'>ipsorum</span> <span class='ocrx_word' id='word_1_219' title='bbox 402 1983 555 2023; x_wconf 73' lang='lat' dir='ltr'>magna</span> <span class='ocrx_word' id='word_1_220' title='bbox 596 1983 693 2007; x_wconf 89' lang='lat' dir='ltr'>cum</span> <span class='ocrx_word' id='word_1_221' title='bbox 735 1967 859 2023; x_wconf 85' lang='lat' dir='ltr'>equis</span> <span class='ocrx_word' id='word_1_222' title='bbox 900 1965 1095 2023; x_wconf 82' lang='lat' dir='ltr'>ipsorum</span> <span class='ocrx_word' id='word_1_223' title='bbox 1136 1965 1384 2006; x_wconf 74' lang='lat' dir='ltr'>fortissimis</span> <span class='ocrx_word' id='word_1_224' title='bbox 1416 1965 1650 2006; x_wconf 84' lang='lat' dir='ltr'>interrum-</span> 
     </span>
     <span class='ocr_line' id='line_1_28' title="bbox 167 2034 1647 2092; baseline -0.001 -17"><span class='ocrx_word' id='word_1_225' title='bbox 167 2036 313 2092; x_wconf 83' lang='lat' dir='ltr'>pendo</span> <span class='ocrx_word' id='word_1_226' title='bbox 351 2035 621 2080; x_wconf 81' lang='lat' dir='ltr'>dividerent;</span> <span class='ocrx_word' id='word_1_227' title='bbox 653 2035 768 2075; x_wconf 85' lang='lat' dir='ltr'>acies</span> <span class='ocrx_word' id='word_1_228' title='bbox 796 2034 911 2075; x_wconf 84' lang='lat' dir='ltr'>enim</span> <span class='ocrx_word' id='word_1_229' title='bbox 946 2034 1094 2074; x_wconf 86' lang='lat' dir='ltr'>totalis</span> <span class='ocrx_word' id='word_1_230' title='bbox 1124 2034 1425 2075; x_wconf 86' lang='lat' dir='ltr'>Gandensium</span> <span class='ocrx_word' id='word_1_231' title='bbox 1458 2050 1530 2074; x_wconf 80' lang='lat' dir='ltr'>eos</span> <span class='ocrx_word' id='word_1_232' title='bbox 1564 2050 1647 2074; x_wconf 92' lang='lat' dir='ltr'>non</span> 
     </span>
     <span class='ocr_line' id='line_1_29' title="bbox 167 2101 1647 2160; baseline 0 -18"><span class='ocrx_word' id='word_1_233' title='bbox 167 2112 338 2160; x_wconf 83' lang='lat' dir='ltr'>poterat</span> <span class='ocrx_word' id='word_1_234' title='bbox 361 2104 502 2160; x_wconf 82' lang='lat' dir='ltr'>sequi,</span> <span class='ocrx_word' id='word_1_235' title='bbox 530 2119 584 2143; x_wconf 90' lang='lat' dir='ltr'>ne</span> <span class='ocrx_word' id='word_1_236' title='bbox 613 2103 726 2143; x_wconf 91' lang='lat' dir='ltr'>inter</span> <span class='ocrx_word' id='word_1_237' title='bbox 747 2118 839 2143; x_wconf 86' lang='lat' dir='ltr'>eam</span> <span class='ocrx_word' id='word_1_238' title='bbox 871 2111 912 2143; x_wconf 80' lang='lat' dir='ltr'>et</span> <span class='ocrx_word' id='word_1_239' title='bbox 941 2101 1229 2143; x_wconf 87' lang='lat' dir='ltr'>munitionem</span> <span class='ocrx_word' id='word_1_240' title='bbox 1254 2117 1458 2142; x_wconf 87' lang='lat' dir='ltr'>curruum</span> <span class='ocrx_word' id='word_1_241' title='bbox 1493 2101 1647 2142; x_wconf 78' lang='lat' dir='ltr'>Franci</span> 
     </span>
     <span class='ocr_line' id='line_1_30' title="bbox 167 2169 1648 2227; baseline -0.001 -16"><span class='ocrx_word' id='word_1_242' title='bbox 167 2186 263 2211; x_wconf 88' lang='lat' dir='ltr'>cum</span> <span class='ocrx_word' id='word_1_243' title='bbox 310 2172 435 2227; x_wconf 88' lang='lat' dir='ltr'>equis</span> <span class='ocrx_word' id='word_1_244' title='bbox 479 2170 568 2211; x_wconf 90' lang='lat' dir='ltr'>suis</span> <span class='ocrx_word' id='word_1_245' title='bbox 616 2170 810 2211; x_wconf 77' lang='lat' dir='ltr'>facerent</span> <span class='ocrx_word' id='word_1_246' title='bbox 854 2169 1114 2210; x_wconf 87' lang='lat' dir='ltr'>divisionem</span> <span class='ocrx_word' id='word_1_247' title='bbox 1153 2178 1195 2210; x_wconf 90' lang='lat' dir='ltr'>et</span> <span class='ocrx_word' id='word_1_248' title='bbox 1236 2169 1297 2210; x_wconf 89' lang='lat' dir='ltr'>sic</span> <span class='ocrx_word' id='word_1_249' title='bbox 1335 2185 1408 2210; x_wconf 81' lang='lat' dir='ltr'>eos</span> <span class='ocrx_word' id='word_1_250' title='bbox 1453 2170 1648 2226; x_wconf 89' lang='lat' dir='ltr'>undique</span> 
     </span>
     <span class='ocr_line' id='line_1_31' title="bbox 166 2237 1649 2295; baseline -0.001 -16"><span class='ocrx_word' id='word_1_251' title='bbox 166 2239 475 2295; x_wconf 76' lang='lat' dir='ltr'>impugnarent</span> <span class='ocrx_word' id='word_1_252' title='bbox 493 2257 502 2288; x_wconf 73' lang='grc' dir='ltr'><strong>ς</strong></span> <span class='ocrx_word' id='word_1_253' title='bbox 521 2239 731 2279; x_wconf 86' lang='lat' dir='ltr'>tenebant</span> <span class='ocrx_word' id='word_1_254' title='bbox 749 2238 863 2279; x_wconf 90' lang='lat' dir='ltr'>enim</span> <span class='ocrx_word' id='word_1_255' title='bbox 882 2254 1015 2279; x_wconf 88' lang='lat' dir='ltr'>cornu</span> <span class='ocrx_word' id='word_1_256' title='bbox 1030 2238 1095 2278; x_wconf 70' lang='lat' dir='ltr'>vel</span> <span class='ocrx_word' id='word_1_257' title='bbox 1118 2238 1245 2278; x_wconf 88' lang='lat' dir='ltr'>finem</span> <span class='ocrx_word' id='word_1_258' title='bbox 1271 2237 1496 2278; x_wconf 86' lang='lat' dir='ltr'>sinistrum</span> <span class='ocrx_word' id='word_1_259' title='bbox 1516 2238 1649 2278; x_wconf 86' lang='lat' dir='ltr'>totius</span> 
     </span>
     <span class='ocr_line' id='line_1_32' title="bbox 167 2305 1650 2363; baseline -0.001 -16"><span class='ocrx_word' id='word_1_260' title='bbox 167 2323 323 2363; x_wconf 74' lang='lat' dir='ltr'>magne</span> <span class='ocrx_word' id='word_1_261' title='bbox 353 2307 460 2347; x_wconf 86' lang='lat' dir='ltr'>aciei</span> <span class='ocrx_word' id='word_1_262' title='bbox 485 2306 838 2347; x_wconf 84' lang='lat' dir='ltr'>Flandrensium.</span> <span class='ocrx_word' id='word_1_263' title='bbox 869 2308 970 2347; x_wconf 83' lang='lat' dir='ltr'>Post</span> <span class='ocrx_word' id='word_1_264' title='bbox 991 2306 1237 2362; x_wconf 78' lang='lat' dir='ltr'>predictum</span> <span class='ocrx_word' id='word_1_265' title='bbox 1267 2305 1466 2346; x_wconf 87' lang='lat' dir='ltr'>dolosum</span> <span class='ocrx_word' id='word_1_266' title='bbox 1488 2314 1650 2346; x_wconf 78' lang='lat' dir='ltr'>tracta-</span> 
     </span>
     <span class='ocr_line' id='line_1_33' title="bbox 166 2373 1647 2432; baseline -0.001 -17"><span class='ocrx_word' id='word_1_267' title='bbox 166 2383 256 2415; x_wconf 87' lang='lat' dir='ltr'>tum</span> <span class='ocrx_word' id='word_1_268' title='bbox 292 2375 345 2415; x_wconf 91' lang='lat' dir='ltr'>de</span> <span class='ocrx_word' id='word_1_269' title='bbox 386 2391 509 2432; x_wconf 81' lang='lat' dir='ltr'>pace,</span> <span class='ocrx_word' id='word_1_270' title='bbox 548 2374 663 2415; x_wconf 84' lang='lat' dir='ltr'>acies</span> <span class='ocrx_word' id='word_1_271' title='bbox 704 2374 919 2431; x_wconf 77' lang='lat' dir='ltr'>predicta,</span> <span class='ocrx_word' id='word_1_272' title='bbox 960 2390 1087 2431; x_wconf 89' lang='lat' dir='ltr'>quam</span> <span class='ocrx_word' id='word_1_273' title='bbox 1130 2390 1205 2414; x_wconf 82' lang='lat' dir='ltr'>rex</span> <span class='ocrx_word' id='word_1_274' title='bbox 1238 2389 1388 2414; x_wconf 84' lang='lat' dir='ltr'>versus</span> <span class='ocrx_word' id='word_1_275' title='bbox 1424 2373 1647 2414; x_wconf 86' lang='lat' dir='ltr'>sinistrum</span> 
     </span>
     <span class='ocr_line' id='line_1_34' title="bbox 167 2441 1648 2491; baseline -0.001 -9"><span class='ocrx_word' id='word_1_276' title='bbox 167 2442 278 2482; x_wconf 77' lang='lat' dir='ltr'>latus</span> <span class='ocrx_word' id='word_1_277' title='bbox 293 2443 510 2483; x_wconf 82' lang='lat' dir='ltr'>exercitus</span> <span class='ocrx_word' id='word_1_278' title='bbox 530 2443 816 2482; x_wconf 79' lang='lat' dir='ltr'>Flandreusis</span> <span class='ocrx_word' id='word_1_279' title='bbox 833 2442 964 2491; x_wconf 89' lang='lat' dir='ltr'>misit,</span> <span class='ocrx_word' id='word_1_280' title='bbox 980 2442 1033 2482; x_wconf 83' lang='lat' dir='ltr'>ad</span> <span class='ocrx_word' id='word_1_281' title='bbox 1052 2441 1241 2482; x_wconf 81' lang='lat' dir='ltr'>tentoria</span> <span class='ocrx_word' id='word_1_282' title='bbox 1255 2450 1295 2481; x_wconf 81' lang='lat' dir='ltr'>et</span> <span class='ocrx_word' id='word_1_283' title='bbox 1318 2441 1510 2482; x_wconf 79' lang='lat' dir='ltr'>sarcinas</span> <span class='ocrx_word' id='word_1_284' title='bbox 1524 2442 1648 2482; x_wconf 85' lang='lat' dir='ltr'>Flan-</span> 
     </span>
     <span class='ocr_line' id='line_1_35' title="bbox 166 2509 1648 2566; baseline 0 -17"><span class='ocrx_word' id='word_1_285' title='bbox 166 2510 391 2550; x_wconf 86' lang='lat' dir='ltr'>drensium</span> <span class='ocrx_word' id='word_1_286' title='bbox 424 2526 556 2566; x_wconf 85' lang='lat' dir='ltr'>super</span> <span class='ocrx_word' id='word_1_287' title='bbox 588 2519 777 2551; x_wconf 85' lang='lat' dir='ltr'>montem</span> <span class='ocrx_word' id='word_1_288' title='bbox 808 2510 1056 2566; x_wconf 78' lang='lat' dir='ltr'>predictum</span> <span class='ocrx_word' id='word_1_289' title='bbox 1092 2518 1134 2550; x_wconf 88' lang='lat' dir='ltr'>et</span> <span class='ocrx_word' id='word_1_290' title='bbox 1162 2509 1276 2550; x_wconf 78' lang='lat' dir='ltr'>circa</span> <span class='ocrx_word' id='word_1_291' title='bbox 1309 2510 1451 2566; x_wconf 84' lang='lat' dir='ltr'>ipsum</span> <span class='ocrx_word' id='word_1_292' title='bbox 1486 2526 1648 2566; x_wconf 74' lang='lat' dir='ltr'>prope-</span> 
     </span>
     <span class='ocr_line' id='line_1_36' title="bbox 169 2577 1646 2634; baseline 0 -17"><span class='ocrx_word' id='word_1_293' title='bbox 169 2578 305 2618; x_wconf 79' lang='lat' dir='ltr'>rabat.</span> <span class='ocrx_word' id='word_1_294' title='bbox 363 2579 453 2618; x_wconf 82' lang='lat' dir='ltr'>Hoc</span> <span class='ocrx_word' id='word_1_295' title='bbox 492 2577 692 2619; x_wconf 86' lang='lat' dir='ltr'>videntes</span> <span class='ocrx_word' id='word_1_296' title='bbox 734 2579 883 2634; x_wconf 63' lang='lat' dir='ltr'>aurige</span> <span class='ocrx_word' id='word_1_297' title='bbox 931 2586 973 2618; x_wconf 86' lang='lat' dir='ltr'>ct</span> <span class='ocrx_word' id='word_1_298' title='bbox 1018 2577 1273 2634; x_wconf 66' lang='lat' dir='ltr'>garsiones,</span> <span class='ocrx_word' id='word_1_299' title='bbox 1316 2577 1391 2634; x_wconf 88' lang='lat' dir='ltr'>qui</span> <span class='ocrx_word' id='word_1_300' title='bbox 1438 2578 1646 2617; x_wconf 85' lang='lat' dir='ltr'>tenebant</span> 
     </span>
     <span class='ocr_line' id='line_1_37' title="bbox 166 2645 1647 2702; baseline -0.001 -17"><span class='ocrx_word' id='word_1_301' title='bbox 166 2662 303 2702; x_wconf 86' lang='lat' dir='ltr'>equos</span> <span class='ocrx_word' id='word_1_302' title='bbox 332 2654 373 2686; x_wconf 85' lang='lat' dir='ltr'>et</span> <span class='ocrx_word' id='word_1_303' title='bbox 395 2661 528 2701; x_wconf 84' lang='lat' dir='ltr'>equas</span> <span class='ocrx_word' id='word_1_304' title='bbox 552 2662 757 2686; x_wconf 88' lang='lat' dir='ltr'>curruum</span> <span class='ocrx_word' id='word_1_305' title='bbox 785 2655 826 2686; x_wconf 89' lang='lat' dir='ltr'>et</span> <span class='ocrx_word' id='word_1_306' title='bbox 857 2646 986 2686; x_wconf 86' lang='lat' dir='ltr'>etiam</span> <span class='ocrx_word' id='word_1_307' title='bbox 1023 2661 1160 2701; x_wconf 82' lang='lat' dir='ltr'>equos</span> <span class='ocrx_word' id='word_1_308' title='bbox 1193 2645 1406 2686; x_wconf 91' lang='lat' dir='ltr'>nobilium</span> <span class='ocrx_word' id='word_1_309' title='bbox 1441 2654 1483 2685; x_wconf 85' lang='lat' dir='ltr'>et</span> <span class='ocrx_word' id='word_1_310' title='bbox 1513 2647 1647 2700; x_wconf 85' lang='lat' dir='ltr'>majo-</span> 
     </span>
     <span class='ocr_line' id='line_1_38' title="bbox 167 2713 1644 2763; baseline -0.001 -9"><span class='ocrx_word' id='word_1_311' title='bbox 167 2729 259 2755; x_wconf 85' lang='lat' dir='ltr'>rum</span> <span class='ocrx_word' id='word_1_312' title='bbox 288 2713 643 2763; x_wconf 83' lang='lat' dir='ltr'>Flandrensium,</span> <span class='ocrx_word' id='word_1_313' title='bbox 670 2714 781 2754; x_wconf 75' lang='lat' dir='ltr'>sieut</span> <span class='ocrx_word' id='word_1_314' title='bbox 811 2713 1010 2755; x_wconf 84' lang='lat' dir='ltr'>homines</span> <span class='ocrx_word' id='word_1_315' title='bbox 1035 2713 1246 2763; x_wconf 87' lang='lat' dir='ltr'>iuarmes,</span> <span class='ocrx_word' id='word_1_316' title='bbox 1273 2722 1315 2755; x_wconf 87' lang='lat' dir='ltr'>et</span> <span class='ocrx_word' id='word_1_317' title='bbox 1343 2722 1506 2754; x_wconf 83' lang='lat' dir='ltr'>armate</span> <span class='ocrx_word' id='word_1_318' title='bbox 1536 2713 1644 2754; x_wconf 85' lang='lat' dir='ltr'>aciei</span> 
     </span>
    </p>
   </div>
  </div>
 </body>
</html>
