1856 2963
131 191 209 221 1308
634 190 830 220 ANNALES
856 188 1112 220 GANDENSES
1577 187 1613 216 91

129 268 209 317 dit,
235 267 458 325 accipiens
481 267 523 308 in
547 268 746 308 maritum
777 267 967 308 nobilem
988 266 1144 316 virum,
1176 266 1230 307 de
1253 265 1467 323 sanguine
1499 265 1614 322 regis

129 335 494 385 descendentem,
533 344 576 376 et
608 344 843 394 cognatum
881 334 1085 384 Roberti‚
1127 334 1300 375 comitis
1335 332 1542 374 Flandrie
1574 341 1615 372 et

130 403 319 444 filiorum
354 404 464 459 ejus,
505 403 724 460 pulcrum,
772 403 926 443 fortem
975 410 1017 442 et
1060 402 1100 442 in
1147 401 1362 442 reditibus
1409 399 1612 444 divitem,

129 471 389 520 Johannem,
409 471 630 512 dominem
650 471 704 511 de
721 470 896 520 Fienes,
917 485 1046 526 quem
1071 469 1303 510 dicebatur
1324 467 1446 521 prius
1470 468 1616 524 aliquo

128 547 327 596 tempore
360 538 612 587 adamasse3
649 547 831 595 propter
861 537 978 594 quod
1008 538 1122 578 inter
1155 538 1397 578 Johannem
1429 537 1616 577 Namur-

129 623 303 648 oensem
328 615 371 648 et
397 606 648 651 Guidonem
672 623 722 648 ex
745 615 868 663 parte
895 621 996 656 una,
1025 614 1067 645 et
1098 604 1366 646 Ludovicum
1390 620 1441 644 ex
1462 604 1611 653 altera,

128 674 273 733 gravis
301 674 521 716 dissensio
546 684 638 715 orta
666 683 747 716 est.

190 743 354 784 Eodem
393 744 521 784 etiam
558 759 733 792 mense,
771 741 946 798 quidam
986 757 1136 781 scurre
1176 740 1217 780 in
1261 740 1488 787 Gandavo,
1537 756 1616 795 pro

130 810 279 867 majori
310 820 432 868 parte
459 810 683 867 juvenculi
713 819 753 851 et
777 809 1036 866 juvencule,
1070 809 1123 849 ad
1153 808 1439 849 calcationem
1470 809 1616 863 cujus-

129 878 227 919 dam
258 895 366 920 nove
395 895 492 920 aree
520 879 563 920 in
591 879 777 936 quadam
803 894 909 918 nova
936 877 1083 921 domo,
1116 893 1166 918 ex
1195 876 1400 917 condicto
1429 876 1479 915 ad
1511 875 1616 915 cho-

130 947 384 988 reizaudum
409 947 586 988 circiter
616 946 848 1003 quingenti
874 945 1205 993 couvenientes,
1229 945 1271 985 in
1302 952 1466 984 tantuin
1493 959 1615 1000 supe-

132 1014 220 1056 rius
240 1014 282 1055 iu
307 1015 480 1056 duobus
503 1015 673 1056 solariis
703 1023 745 1055 et
762 1014 944 1054 inferius
971 1013 1013 1054 in
1040 1029 1138 1053 arca
1163 1013 1466 1053 choreizantes
1488 1010 1618 1051 salta-

128 1091 306 1133 verunt,
341 1083 481 1140 quod,
521 1082 665 1138 paries
700 1084 855 1123 domus
897 1080 1112 1122 lateritius
1148 1090 1190 1121 ct
1223 1097 1301 1137 pei·
1340 1094 1618 1135 consequens

128 1159 290 1192 tectum
310 1152 403 1207 ejus
420 1150 786 1208 discompaginati
808 1158 1081 1194 corruentes,
1102 1148 1278 1190 circiter
1297 1146 1616 1204 quinquaginta

130 1235 180 1259 cx
213 1219 276 1260 eis
314 1228 655 1276 oppresserunt,
697 1219 769 1275 qui
807 1227 849 1259 ct
887 1217 1032 1258 statim
1077 1217 1234 1258 mortui
1273 1224 1395 1263 sunt,
1437 1213 1617 1271 reliquis

129 1303 298 1327 summo
336 1303 430 1328 cum
471 1303 629 1343 pavore
665 1287 951 1327 evadentibus
994 1294 1202 1331 mortem,
1241 1300 1427 1341 quorum
1471 1292 1615 1323 tanwn

133 1364 306 1396 centum
341 1356 428 1396 sere
463 1356 678 1396 vulnerati
720 1364 818 1395 sunt
851 1353 1043 1412 graviter
1086 1353 1149 1394 vel
1185 1352 1394 1394 atrociter
1434 1350 1617 1392 interius

131 1424 431 1480 conquassati.

191 1492 280 1531 lIoc
309 1507 440 1540 anno,
469 1507 554 1532 uno
584 1490 677 1540 die,
712 1508 732 1531 a
759 1506 868 1547 papa
896 1499 937 1530 et
960 1489 1259 1530 cardinalibus
1286 1505 1332 1529 ac
1356 1487 1537 1545 regibus
1572 1502 1618 1526 ac

131 1557 408 1615 principibus
447 1559 593 1599 multis
623 1558 878 1599 christianis
908 1558 960 1598 ad
996 1559 1079 1598 hoc
1109 1556 1397 1597 subtilissime
1436 1562 1615 1599 statuto,

130 1642 281 1666 omnes
319 1627 558 1683 Teiuplarii
589 1627 631 1667 in
665 1626 814 1681 regnis
847 1626 1028 1666 Francie
1063 1634 1103 1665 et.
1137 1624 1296 1680 Anglie
1329 1640 1376 1663 ac
1410 1622 1619 1678 Hispanie

132 1694 369 1750 multisque
399 1694 598 1750 partibus
622 1693 744 1735 Italie
766 1694 880 1750 capti
905 1702 1007 1734 sunt
1036 1701 1077 1733 ct
1101 1691 1372 1749 prisionibus
1401 1688 1616 1746 deputati,

131 1770 351 1818 tamquam
384 1762 577 1818 suspecti
605 1762 658 1802 de
686 1762 854 1802 enormi
886 1761 1013 1801 inodo
1043 1770 1084 1801 et
1114 1760 1327 1800 scelerato
1357 1757 1616 1815 profitendi,

132 1838 173 1869 ct
196 1829 250 1869 do
280 1829 479 1870 idolatria
507 1838 548 1870 et.
571 1830 624 1870 de
648 1829 752 1870 vitio
780 1830 993 1870 sodoinio.

797 2014 964 2056 1308.

190 2153 317 2194 Anno
348 2152 524 2193 Domini
557 2152 911 2201 .M.CCC.VH[.‚
936 2167 1084 2191 mense
1113 2149 1250 2199 Maio,
1278 2150 1509 2193 Albortus,
1544 2164 1618 2188 rex

132 2220 414 2271 Alenmnnie,
457 2237 477 2260 a
514 2220 601 2261 filio
640 2219 804 2260 sororis
845 2235 920 2259 sue
961 2219 1002 2259 in
1042 2218 1224 2275 proprio
1262 2219 1390 2258 horto
1425 2216 1618 2274 pugione

132 2289 377 2338 confossus,
424 2289 637 2329 interiit¹.
680 2289 839 2330 Fuerat
878 2287 993 2327 enim
1042 2302 1179 2343 nepos
1227 2302 1329 2326 suus
1376 2286 1416 2325 in
1461 2284 1617 2341 puerili

134 2365 248 2397 etate
276 2365 420 2413 patre,
453 2356 563 2397 duce
587 2357 787 2401 Bavarie,
821 2364 861 2395 et
887 2364 1022 2395 matre
1049 2355 1251 2403 orbatus,
1279 2369 1362 2409 que
1392 2369 1516 2393 soror
1542 2351 1619 2392 suit

135 2425 250 2480 regis
278 2424 464 2474 Alberti,
490 2433 531 2464 et
560 2424 701 2465 tenuit
724 2440 820 2464 eum
846 2440 920 2464 rex
942 2439 1088 2463 secum
1114 2430 1157 2462 ut
1174 2421 1328 2470 filium,
1353 2429 1395 2461 et
1415 2420 1617 2460 ducatum

136 2509 259 2533 suum
293 2492 394 2533 fecit
435 2492 691 2550 gubernari.
734 2492 818 2544 Qui
853 2508 950 2532 cum
983 2491 1034 2532 ad
1073 2506 1209 2531 annos
1250 2489 1532 2530 discretionis
1579 2497 1620 2528 et

139 2561 269 2600 robur
292 2560 414 2600 virile
443 2560 740 2616 pervenisset,
769 2560 822 2600 ab
849 2559 1079 2608 avunculo,
1112 2558 1164 2598 de
1191 2557 1435 2614 aliquorum
1473 2555 1620 2596 consi-

177 2743 205 2773 1.
232 2743 351 2773 Albert
369 2742 565 2772 d'Autriche
585 2742 674 2783 pe'rit
692 2743 722 2771 le
743 2743 781 2771 lUr
805 2741 871 2771 mai
889 2742 976 2771 ¹1:308.
