1856 2963
182 162 222 191 86
686 162 896 199 ANNALES,
907 162 1166 193 GANDENSES
1589 164 1670 193 1304

182 239 379 295 prudens
401 239 544 289 valde,
569 265 626 269 —
643 240 822 280 tandem
838 248 1023 296 utraque
1046 256 1146 296 pars
1172 240 1212 280 in
1240 239 1507 281 Ludovicum
1531 242 1668 282 Fran-

183 323 331 348 corum
359 323 523 365 regem,
550 323 673 348 avum
690 307 887 364 Philippi
915 323 1029 348 nunc
1058 308 1302 365 regnantis,
1326 316 1425 364 post
1447 317 1629 350 mortem
1646 325 1666 349 a

182 375 300 416 curia
326 376 521 416 Romana
547 375 870 427 canonizatum,
896 384 1119 432 tamquam
1142 376 1185 416 in
1205 375 1479 417 amicabilem
1503 376 1669 417 media-

181 452 321 484 torem
365 452 407 484 et
449 444 789 501 compositorem
831 443 1073 493 consensit,
1117 453 1176 493 ut,
1216 443 1378 485 auditis
1419 443 1667 485 rationibus

182 512 318 568 partis
348 510 594 568 utriusque,
619 511 740 552 litem
763 520 807 552 et
828 512 1097 553 discordiam
1124 511 1370 569 predictam
1393 511 1667 554 terminaret.

183 579 311 631 Quod
333 587 376 620 et
403 579 550 627 fecit1,
584 578 693 620 dans
725 580 980 620 comitatum
1011 579 1210 620 Hanonie
1241 579 1454 629 Johanni‚
1488 578 1670 620 comita-

183 654 273 687 tum
307 646 514 688 Flandrie
547 646 767 697 Guidoni‚
803 655 903 703 post
940 656 1122 688 mortem
1162 647 1314 688 matris
1354 663 1520 698 eorum,
1557 646 1671 691 Wil-

183 714 351 764 helmo,
393 715 565 755 seniore
607 714 739 755 fratre
785 714 1022 764 Guidonis,
1075 714 1169 756 sine
1204 715 1368 756 herede
1412 715 1665 756 defuncto&

182 783 410 823 Remansit
437 791 582 823 tamen
608 798 783 839 semper
810 782 934 840 quasi
960 783 1158 824 innatum
1179 782 1328 823 odium
1359 782 1473 824 inter
1506 784 1670 824 Johan-

183 867 280 891 nem
305 860 347 891 et
372 849 621 891 Guidonem
644 859 684 892 et
708 851 878 907 prolem
901 851 1173 893 eorumdem.

241 919 463 959 Johannes
502 919 648 976 itaque
691 919 967 960 Avennensis
1009 936 1060 960 ex
1093 936 1242 961 sorore
1274 918 1503 963 Wilhelmi
1555 919 1671 976 regis

182 986 335 1044 genuit
363 987 629 1037 Johannem,
661 995 703 1029 et
735 988 983 1037 Johannes,
1014 1004 1066 1029 ex
1091 987 1177 1028 filia
1203 987 1376 1029 comitis
1404 987 1673 1028 Lucembur-

182 1055 349 1112 gensis,
373 1080 431 1085 —
459 1071 609 1096 sorore
644 1055 846 1105 Isabelle,
886 1056 1037 1096 matris
1083 1055 1296 1097 Johannis
1335 1055 1670 1103 Namurcensis,

184 1122 403 1164 Guidonis
437 1132 477 1163 et
516 1122 692 1164 Henrici
729 1131 776 1171 et,
812 1124 959 1164 uxoris
1001 1124 1192 1164 secunde
1236 1123 1454 1165 Guidonis
1501 1121 1674 1163 comitis

183 1190 405 1240 Flandrie,
441 1191 586 1248 patrui
614 1190 696 1240 sui,
730 1217 786 1221 ——
807 1192 962 1248 genuit
986 1190 1580 1240 Johannem-Sine-Pietate,
1612 1190 1673 1229 sic

183 1259 348 1300 dictum
372 1268 553 1316 propter
576 1259 900 1310 crudelitatem,
926 1258 998 1316 qui
1021 1260 1065 1300 in
1082 1259 1199 1301 bello
1217 1258 1501 1300 Curtracensi
1524 1257 1670 1315 periit,

184 1335 225 1367 et
250 1327 554 1377 XVilhelmum,
578 1327 669 1384 qui,
693 1336 735 1368 et
754 1343 884 1383 supra
907 1335 1070 1368 tactum
1095 1336 1175 1377 est,
1209 1327 1461 1368 comitatum
1478 1324 1675 1366 Hanonie

185 1403 227 1435 et
250 1394 483 1436 [Iollandie
512 1395 712 1452 possidet
737 1395 779 1436 in
804 1395 1067 1436 hodiernum
1090 1395 1206 1436 diem
1222 1396 1238 1423 3

243 1464 394 1503 Mense
421 1462 626 1504 Januario
654 1463 719 1503 vel
742 1463 1030 1512 Februario&
1060 1464 1274 1512 Johanna,
1307 1463 1457 1519 regina
1486 1463 1674 1503 Navarre

185 1540 227 1572 et
251 1530 474 1572 comitissa
510 1530 773 1588 Campanie,
807 1531 953 1587 neptis
1001 1530 1043 1571 in
1083 1531 1278 1572 secundo
1312 1530 1450 1587 gradu
1487 1538 1529 1570 et
1567 1545 1675 1570 uxor

186 1599 379 1656 Philippi
424 1601 693 1640 Francorum
737 1599 853 1657 regis
903 1608 945 1640 et
985 1599 1169 1641 Francie
1212 1599 1379 1657 regina,
1419 1597 1673 1639 fidelissima

186 1667 386 1708 dilectrix
416 1675 458 1708 et
483 1667 664 1708 amatrix
691 1667 906 1708 minorum
926 1669 1125 1708 Fratrum
1146 1666 1519 1708 acliberalissima
1540 1666 1671 1706 bene-

185 1735 339 1776 factrix
361 1734 487 1784 obiit,
513 1735 626 1792 apud
654 1737 826 1776 Fratres
848 1736 1039 1776 minores
1064 1735 1244 1776 Parisiis
1274 1734 1462 1791 sepulta.
1492 1736 1602 1787 Que,
1629 1741 1676 1773 ut

187 1804 430 1853 dicebatur,
460 1803 825 1853 fflandrcnsibus,
849 1803 950 1844 dum
970 1803 1157 1853 viveret,
1190 1802 1305 1860 apud
1330 1818 1476 1860 regem
1503 1810 1544 1842 et
1569 1817 1674 1842 con-

188 1872 376 1912 siliarios
407 1888 524 1915 suos,
551 1887 601 1911 eo
626 1871 743 1928 quod
769 1871 879 1912 duos
908 1871 1146 1912 avunculos
1172 1871 1437 1920 Robertum,
1471 1870 1674 1923 comitem

189 1940 566 1988 Attrebatensem‚
597 1948 639 1980 et
666 1940 874 1981 Jacobum
902 1940 955 1980 de
985 1928 1311 1980 'Sancto-Paulo
1333 1947 1375 1979 et
1397 1938 1546 1995 plures
1568 1936 1675 1978 alios

191 2007 360 2048 nobiles
384 2008 438 2049 de
457 2007 683 2063 parentela
713 2024 786 2048 sua
812 2008 854 2048 in
882 2007 1090 2048 Flandria
1118 2007 1345 2056 amiserat,
1373 2006 1554 2047 multum
1586 2007 1675 2046 sue-

191 2084 255 2117 rat
278 2076 319 2116 in
349 2075 534 2116 consilio
560 2076 712 2116 nociva
732 2084 773 2115 et
796 2075 987 2116 inimica.

250 2143 373 2185 Circa
403 2143 672 2201 principium
699 2143 845 2185 Martii
863 2145 891 2193 5,
922 2143 1246 2184 illustrissimus
1273 2152 1315 2184 et
1343 2142 1601 2183 mitissimus
1629 2157 1677 2181 ae

237 2310 259 2339 l.
286 2310 329 2339 Le
347 2309 396 2338 roi
416 2309 456 2338 de
474 2310 615 2344 France,
634 2309 725 2338 saint
744 2309 858 2343 Lonis,
878 2313 908 2338 et
928 2310 958 2338 le
976 2309 1130 2338 cardinal
1148 2308 1258 2338 Eudes
1281 2307 1321 2337 de
1337 2307 1577 2337 Cinneam-oux
1596 2318 1678 2346 pro-

194 2352 379 2380 nonc'erent
403 2351 684 2380 solennellement
704 2351 778 2379 leur
800 2355 957 2380 sentence
975 2353 993 2379 a
1014 2350 1121 2385 Paris,
1142 2361 1180 2378 en
1199 2349 1312 2389 juillet
1333 2350 1423 2378 1240.
1444 2349 1630 2383 Deus-miz,
1654 2349 1678 2381 1,

198 2394 264 2422 132.

235 2436 262 2463 2.
289 2433 484 2463 Guillaumc
512 2433 551 2462 de
579 2433 798 2473 Dampicrre‚
829 2434 882 2462 fils
908 2435 984 2461 ains»
1011 2433 1051 2461 dc
1076 2432 1272 2463 Guillaumc
1300 2432 1339 2461 de
1360 2431 1561 2470 Dampierre
1589 2430 1678 2460 etde

195 2475 403 2514 §larguerite
419 2475 458 2504 de
472 2474 768 2514 Constantinople,
790 2475 838 2503 fut
854 2477 908 2503 tue
925 2475 954 2503 le
970 2476 987 2501 (ἲ
997 2474 1070 2513 juin
1092 2474 1178 2511 1251,
1196 2484 1237 2502 au
1255 2473 1388 2502 tournoi
1404 2473 1443 2501 de
1457 2472 1678 2511 'l'1·azeg11ies.

236 2519 264 2546 3.
291 2516 473 2546 L'histoire
489 2516 533 2545 du
552 2516 667 2545 counit
687 2520 781 2545 entre
794 2516 843 2545 les
863 2515 1014 2545 maisons
1034 2515 1218 2544 ‹FAx-osnes
1236 2519 1264 2544 et
1278 2514 1318 2543 de
1335 2514 1547 2554 Dampierre,
1568 2514 1678 2542 issues

195 2559 254 2586 ‹lvs
273 2557 359 2586 deux
385 2557 556 2594 mariagcs
579 2557 619 2586 de
644 2558 751 2596 Μαι-ἓξ.
779 2558 818 2587 de
841 2557 1143 2596 Constantinople,
1164 2568 1182 2586 a
1201 2558 1252 2585 όῑό
1271 2558 1414 2595 exposce
1434 2566 1472 2585 en
1493 2555 1596 2584 detail
1616 2565 1679 2595 par

196 2600 255 2629 Ch.
286 2599 461 2634 Duvivier,
490 2602 534 2628 La
560 2598 705 2639 querelle
729 2599 787 2627 (les
814 2598 991 2627 d'Avesnes
1018 2602 1048 2627 el
1071 2598 1128 2626 (les
1149 2598 1354 2637 Dampierre,
1377 2597 1565 2630 Ill-uxelles,
1587 2596 1676 2631 1894,

196 2642 211 2670 2
235 2641 299 2669 vol⁴
319 2640 398 2670 in-S.

236 2684 264 2712 si.
291 2682 420 2711 Jcanne
436 2681 475 2710 de
492 2681 645 2710 Navarro
665 2685 803 2710 mourut
821 2692 862 2710 au
880 2681 1023 2710 chasteau
1043 2681 1083 2710 de
1099 2680 1289 2709 Yinccnnes
1309 2679 1338 2709 lc
1358 2680 1374 2708 2
1396 2678 1483 2707 avril
1506 2678 1592 2707 1:305.

238 2726 265 2753 5.
294 2723 357 2753 Gui
379 2723 419 2752 de
439 2722 641 2764 Dampierre
660 2726 795 2753 mourut
816 2726 834 2752 a
859 2722 1081 2763 Compiegne,
1104 2722 1133 2751 le
1152 2723 1167 2751 7
1188 2732 1280 2751 mars
1302 2722 1389 2754 1305,
1411 2721 1474 2761 sige
1492 2719 1533 2749 de
1547 2721 1586 2749 80
1603 2729 1676 2749 ans.
