1856 2963
232 161 250 189 8
737 159 934 190 ANNALES
961 160 1217 191 GANDENSES
1643 163 1722 193 1298

234 237 416 294 perduci
450 237 502 277 ad
537 236 769 287 effectum,
805 253 885 278 nec
916 246 1002 278 tam
1034 237 1225 279 nobilem
1268 238 1413 279 villam
1450 240 1600 280 volens
1634 248 1721 281 tam

235 305 482 362 perniciosa
508 304 832 346 machinatione
858 306 1020 361 perire,
1047 305 1173 347 aliter
1200 306 1438 363 disposuit.
1466 309 1574 349 Nam
1604 310 1723 350 Gan-

236 373 412 417 dcnses,
436 373 489 413 de
512 372 720 413 incendio
743 372 867 430 quasi
896 390 980 414 non
1005 382 1224 424 curantes,
1252 383 1294 415 et
1313 375 1557 416 custodiam
1585 377 1725 417 bono-

238 458 328 482 rum
362 457 539 482 suorum
569 442 693 497 quasi
722 441 935 482 oblivioni
957 441 1208 492 tradentes,
1242 442 1466 493 videntes,
1498 444 1614 500 quod
1646 460 1726 501 pro

238 509 466 550 animabus
495 517 538 549 et
561 509 692 549 rebus
722 517 896 566 tempus
925 517 1018 550 erat
1046 526 1091 550 se
1118 510 1404 555 defendendi,
1437 511 1582 552 animo
1612 511 1725 552 virili

239 593 284 618 sc
310 577 647 634 conglobantes,
672 576 842 617 fortiter
870 585 913 618 ct
940 577 1149 618 audacter
1183 578 1384 636 Anglicis
1414 579 1679 621 resisterunt
1697 581 1725 628 ¹,

239 661 403 702 eosque
438 645 479 685 in
513 661 647 685 uuum
677 661 721 685 se
745 645 1000 686 coadunare
1032 646 1363 702 compulerunt,
1400 648 1500 703 quia
1533 646 1655 704 prius
1684 647 1727 688 in

240 712 424 753 diversis
459 711 617 769 plateis
647 721 688 753 et
715 712 868 753 viculis
907 713 1098 769 dispersi
1134 723 1280 763 erant,
1311 722 1441 771 atque
1478 715 1586 756 infra
1620 715 1729 756 duos

241 780 335 821 dies
380 780 557 821 circiter
600 781 780 838 triginta
827 781 998 837 equites
1041 781 1213 823 nobiles
1261 798 1312 823 ex
1355 782 1418 823 eis
1453 783 1727 824 occiderunt.

242 850 389 905 Ipsum
425 848 555 889 etiam
591 864 739 905 regem
778 848 1124 893 interfecissent,
1159 849 1242 890 nisi
1274 850 1312 890 ei
1347 850 1543 907 presidio
1578 850 1732 892 suisset

243 917 421 974 quidam
462 917 625 957 nobilis
660 917 764 958 baro
800 917 1112 967 Flandrensis,
1154 918 1227 974 qui
1267 934 1340 959 eos
1376 918 1549 959 blandis
1585 919 1731 959 verbis

244 985 533 1041 compescuit.
574 987 638 1026 De
672 984 898 1042 peditibus
935 1001 1035 1026 vero
1072 985 1176 1026 dicti
1217 986 1333 1044 regis
1370 985 1548 1028 circiter
1584 988 1729 1028 LXX.

244 1052 378 1094 occisi
397 1062 513 1103 sunt,
529 1052 582 1094 de
597 1053 910 1094 Gandensibus
927 1061 1070 1094 autem
1088 1054 1264 1095 circiter
1278 1070 1416 1111 usque
1433 1054 1486 1095 ad
1500 1054 1732 1096 duodecim

246 1120 514 1163 concremati
556 1129 658 1161 sunt
697 1121 750 1161 ab
791 1120 990 1179 Anglicis
1034 1148 1091 1152 ——
1134 1121 1187 1162 de
1231 1123 1391 1178 quibus
1430 1131 1554 1163 erant
1590 1121 1734 1179 alique

247 1188 453 1230 mulieres
492 1197 533 1229 et
573 1188 709 1245 aliqui
738 1189 861 1245 pueri
894 1215 951 1219 -—
982 1197 1024 1230 et
1064 1189 1136 1230 alii
1173 1189 1249 1230 viri
1292 1189 1469 1231 circiter
1505 1192 1654 1232 .XXY.
1692 1190 1734 1231 in

247 1256 446 1313 predicta
469 1256 566 1297 villa
591 1265 634 1297 et
657 1273 802 1313 pugna
823 1256 1095 1297 ceciderunt,
1121 1258 1283 1314 Sicque
1306 1257 1498 1314 Anglici,
1523 1257 1735 1299 vilissime

248 1324 437 1375 confusi,
463 1340 560 1365 cum
585 1325 767 1364 maxima
791 1324 1037 1365 humilitate
1058 1324 1354 1381 postularunt,
1382 1325 1458 1366 scd
1485 1324 1567 1366 nisi
1591 1341 1737 1366 comes

249 1402 290 1433 ct
316 1392 391 1433 filii
422 1392 487 1433 sui
512 1392 833 1455 cumJnaximis
860 1391 1067 1448 precibus
1097 1401 1139 1433 et
1162 1392 1464 1434 blandissimis
1490 1392 1738 1434 monitioni-

249 1461 330 1501 bus
353 1461 712 1501 communitatem
733 1460 1017 1501 Gandenscm
1039 1477 1058 1501 a
1084 1461 1230 1502 surore
1253 1461 1556 1505 retraxissent.
1586 1477 1738 1502 omncs

250 1528 462 1587 Anglicos
498 1537 539 1569 ct
574 1527 775 1569 homines
812 1529 927 1585 regis
960 1528 1026 1569 vel
1058 1528 1375 1579 occidissentf,
1416 1529 1478 1570 vet
1510 1545 1607 1570 cum
1642 1528 1738 1585 ipso

251 1613 354 1654 rege
381 1596 693 1653 captivassent.

313 1666 438 1705 Circa
476 1664 669 1705 medium
708 1673 850 1706 autem
893 1665 1056 1715 Martii,
1097 1681 1169 1705 rex
1203 1665 1257 1706 ad
1298 1664 1501 1722 Angliam
1542 1681 1740 1706 reversus

253 1733 362 1774 estsl.
401 1733 624 1773 ,lohannes
665 1741 705 1773 et
747 1733 914 1782 Guido,
956 1732 1033 1773 filii
1073 1733 1270 1783 comitis,
1312 1734 1364 1774 ab
1405 1733 1559 1774 codcm
1608 1749 1738 1790 rege,

252 1800 429 1858 quaudo
459 1801 537 1841 suit
563 1801 601 1841 in
631 1800 857 1851 Gandavo,
891 1800 1050 1842 milites
1082 1800 1179 1842 facti
1208 1810 1324 1842 sunt.

315 1872 361 1910 ln
404 1884 550 1909 mense
587 1868 814 1919 Januario,
851 1869 1071 1926 generalis
1102 1868 1309 1926 magister
1340 1869 1666 1926 predicatorum
1700 1878 1742 1910 ct

253 1937 475 1996 generalis
506 1936 706 1977 minister
731 1938 930 1978 Fratrum
964 1937 1177 1978 minorum
1206 1953 1226 1977 a
1256 1953 1382 1995 papa,
1412 1954 1492 1994 pro
1516 1937 1743 1978 coufirma-

256 2006 377 2047 tione
412 2004 627 2046 dictarum
669 2014 949 2063 treugarum.
985 2005 1183 2046 Gandam
1219 2005 1338 2046 missi
1375 2014 1491 2046 sunt.
1527 2007 1745 2062 'l'cmporc

258 2075 474 2115 dictarum
494 2082 765 2131 treugarum,
786 2089 861 2114 rex
883 2074 1066 2114 Francie
1084 2074 1184 2114 fecit
1201 2074 1361 2115 muniri
1382 2074 1525 2115 villam
1551 2075 1745 2130 Brugcn-

305 2266 329 2295 1.
355 2266 399 2295 Le
419 2276 481 2295 ms.
506 2265 546 2295 (le
571 2265 668 2296 Gand
687 2270 717 2295 et
743 2265 819 2295 l'ed.
837 2265 877 2295 dc
897 2266 1100 2306 Ilambonrg
1117 2270 1254 2307 portent
1274 2278 1279 2296 2
1306 2266 1528 2301 1·esistcrunt;
1549 2266 1571 2296 il
1598 2266 1745 2296 faudrait

260 2318 348 2348 pour
367 2307 399 2336 la
418 2307 609 2336 correction
628 2318 633 2337 1
654 2307 871 2338 restiterunt.

303 2350 330 2378 2.
348 2351 406 2378 Au
422 2353 573 2378 momentv
585 2349 625 2378 de
645 2348 953 2388 sbmbarqucrdcs
968 2349 1110 2388 Anglais
1123 2349 1259 2379 avaient
1273 2360 1313 2379 eu
1328 2349 1637 2390 lcprcsscntiment
1656 2349 1696 2379 de
1712 2360 1748 2378 cc

262 2391 319 2431 qui
339 2391 387 2419 les
407 2390 574 2419 attendait
590 2401 629 2419 cn
650 2390 809 2420 Flandre,
828 2391 940 2420 Parmi
962 2391 1009 2419 les
1029 2395 1286 2420 rcmontranccs
1306 2402 1370 2430 que
1388 2392 1436 2420 les
1455 2392 1599 2431 prelatS,
1620 2392 1747 2420 bai-ons

262 2437 294 2461 et
312 2432 442 2461 honncs
458 2431 557 2460 villos
576 2432 811 2472 d'Angleterre
828 2432 925 2461 fircnt
947 2432 1110 2472 parvenit·
1125 2434 1144 2461 a
1164 2432 1324 2462 Edouard
1345 2434 1369 2467 1,
1386 2443 1472 2461 nous
1492 2432 1599 2461 lisons
1621 2443 1626 2462 2
1649 2444 1661 2460 (ι
1682 2433 1748 2462 Ρ111·

263 2484 321 2503 ves»
337 2484 400 2513 quc
417 2473 448 2501 la
463 2474 696 2503 conununalte
714 2473 802 2502 dela
821 2477 909 2502 terre
931 2475 1042 2503 volent
1060 2474 1193 2503 honour
1209 2478 1239 2503 et
1258 2474 1411 2503 sauvctii·
1425 2485 1443 2503 a
1460 2478 1575 2503 nostre
1589 2474 1750 2513 seigneur

265 2516 294 2544 lc
314 2515 393 2554 Rcy,
412 2514 438 2543 si
455 2525 549 2543 come
568 2515 590 2543 il
609 2515 754 2554 deyvcnt
772 2515 877 2549 volor,
900 2526 941 2543 nc
959 2516 1012 2544 lur
1033 2515 1161 2544 semble
1180 2527 1242 2555 pas
1263 2526 1327 2555 que
1347 2526 1404 2544 cco
1422 2515 1545 2545 seri-uit
1565 2526 1582 2544 a
1601 2515 1648 2544 lui
1665 2526 1748 2555 prcu

265 2558 304 2585 (lc
324 2566 444 2595 passer
465 2567 503 2585 cn
527 2556 727 2590 Flaundres,
752 2556 778 2585 si
798 2556 820 2585 il
837 2567 876 2585 ne
898 2558 965 2585 sust
986 2557 1063 2596 plus
1082 2559 1214 2591 assuri»,
1235 2568 1300 2597 pur
1319 2558 1364 2586 lui
1387 2561 1417 2586 et
1438 2568 1503 2596 pur
1523 2568 1558 2586 sa
1575 2561 1666 2595 gent.
1689 2556 1749 2585 du<

267 2597 467 2626 Fluundros.
496 2609 509 2625 n
530 2598 656 2627 Clu-nn.
678 2598 717 2627 de
737 2597 1013 2637 Hemingburgh,
1040 2598 1090 2627 ed.
1115 2598 1155 2627 (le
1180 2599 1212 2627 la
1238 2598 1334 2638 Eugl.
1360 2599 1436 2628 hist.
1460 2610 1539 2634 soc.y
1561 2609 1594 2638 p.
1616 2599 1685 2627 12⁴3.
1706 2598 1750 2627 Lo

266 2642 375 2668 nii—mc
397 2638 555 2668 discours
575 2643 623 2668 ost
644 2641 808 2679 rapportc'·
830 2650 894 2679 par
916 2639 1165 2680 Walsingham,
1186 2650 1226 2669 en
1248 2640 1345 2679 latin,
1371 2640 1550 2680 HJmIigmu
1571 2639 1749 2673 Neastrlse,

267 2682 352 2709 (lans
375 2680 406 2708 la
428 2679 510 2709 ('0ll.
530 2681 575 2709 du
594 2683 712 2709 masere
730 2681 788 2710 des
805 2680 902 2716 ro‘les,
924 2691 956 2720 p.
977 2682 1046 2710 208.

308 2724 336 2750 3.
364 2722 523 2751 Iidouard
544 2723 555 2751 Ι
577 2722 709 2751 aboi-(la
728 2734 767 2751 cn
787 2722 988 2762 Anglctcrrc
1010 2723 1038 2751 le
1060 2723 1093 2752 ‘21
1118 2733 1209 2753 mars
1228 2723 1315 2752 1208.
