1856 2963
234 140 272 170 43
737 130 933 167 ANNALES
958 130 1214 167 GANDEN‘SES
1644 130 1723 166 1303

238 217 321 259 kal.
366 212 512 258 Maii&
554 216 724 270 Quibus
761 214 1083 255 Hollandenses
1124 222 1167 254 et
1208 211 1505 255 Zelandenses
1545 212 1722 255 domino

237 302 331 334 suo,
362 285 510 326 comiti
537 282 749 333 Hanonie,
778 283 986 333 faventes,
1013 281 1215 323 homines
1247 281 1377 322 fortes
1408 289 1450 322 et
1472 281 1596 338 quasi
1623 297 1722 322 con-

236 354 358 394 tinue
391 352 605 393 bellantes
640 350 706 392 vel
743 358 892 391 mutuo
927 350 994 391 vel
1036 358 1185 390 contra
1215 358 1465 392 extraneos.
1504 349 1557 390 de
1592 357 1721 405 portu

236 417 618 477 Middelburgensi
637 434 733 460 cum
751 418 891 459 classe
912 433 1066 475 magna
1084 425 1127 458 et
1143 417 1336 458 exercitu
1355 417 1537 473 copioso
1557 417 1723 474 egressi

236 495 541 536 occurrerunt,
570 486 735 528 bellum
765 485 914 526 navale
944 501 1042 527 cum
1073 485 1420 526 Flandrensibus
1448 485 1724 526 committere

237 557 493 614 cupientes3
526 562 958 612 comparueruntque
986 553 1070 594 due
1096 552 1234 594 clases
1263 561 1306 593 et
1328 552 1414 593 duo
1436 551 1654 594 exercitus
1680 552 1722 593 in

239 625 361 675 mari,
391 623 536 667 divisi.
578 639 691 664 unus
725 621 944 664 exercitus
982 622 1035 662 ab
1071 621 1226 671 altero,
1258 636 1337 678 per
1374 620 1562 677 spatium
1595 619 1725 661 unius

238 693 377 735 leuce.
401 691 613 734 Videntes
629 707 735 749 ergo
759 698 887 731 naute
904 689 1218 738 Flandrenses,
1246 689 1372 746 gnari
1399 687 1545 737 maris,
1575 687 1724 729 hostes

238 778 339 803 suos
369 761 582 801 habentes
611 757 874 800 beneficium
898 757 1033 807 venti,
1062 757 1179 814 quod
1203 764 1270 797 est
1298 772 1500 814 magnum
1520 757 1722 812 juvamen

238 829 280 871 in
310 829 417 870 mari
437 827 688 869 volentibus
712 824 889 882 preliari
908 859 917 875 ‚
943 834 1034 866 arte
1057 824 1230 866 nautica
1253 823 1525 881 obliquoque
1552 823 1723 864 navium

238 913 412 939 suarum
435 896 623 937 decursu
645 893 1027 943 circumvelantes,
1053 901 1095 933 et
1114 892 1316 934 hostibus
1337 891 1546 949 paulatim
1568 907 1723 948 appro-

237 965 522 1023 pinquantes,
549 961 812 1004 beneficium
841 961 958 1002 venti
987 969 1137 1002 contra
1161 976 1234 1001 eos
1262 960 1566 1001 obtinuerunt.
1596 959 1724 1013 Quod

236 1033 433 1091 ipsorum
463 1040 592 1072 naute
621 1039 871 1079 cernentes,
899 1030 1056 1070 timore
1082 1028 1285 1070 concussi
1309 1027 1528 1086 fugientes
1555 1026 1598 1068 in
1622 1043 1723 1084 por-

236 1110 328 1142 tum
351 1116 445 1141 snm
468 1107 569 1140 sunt
600 1098 777 1139 reversi.
814 1097 953 1155 Igitur
985 1096 1130 1138 Guido
1154 1095 1482 1145 Namurcensis,
1510 1095 1724 1152 probissi-

239 1185 332 1211 mus
357 1167 497 1217 miles,
529 1165 603 1208 diu
632 1166 674 1207 in
707 1154 812 1206 mari
851 1181 1026 1206 manere
1061 1164 1235 1214 nolens,
1273 1163 1460 1221 septimo
1490 1163 1574 1204 kal.
1600 1161 1720 1211 Maii,

238 1238 280 1279 in
304 1237 375 1278 die
398 1235 568 1278 scilicet
595 1235 711 1275 beati
728 1234 859 1275 Marci
875 1234 906 1283 ⁴3,
937 1231 1174 1289 assumptis
1204 1247 1350 1274 secum
1378 1231 1555 1272 circiter
1583 1230 1724 1272 tribus

239 1305 434 1347 millibus
487 1303 857 1352 l⁴‘landrensium,
910 1299 1180 1359 octingentis
1241 1299 1588 1341 Zelandensibus
1640 1297 1724 1340 sibi

240 1373 486 1415 laventibus
518 1380 560 1412 et
594 1370 832 1411 balistariis
867 1368 951 1410 sibi
986 1367 1266 1418 necessariis,
1300 1383 1428 1409 naves
1457 1383 1554 1408 suas
1581 1382 1724 1424 egres-

236 1458 326 1493 sus,
351 1450 512 1482 terram
536 1438 854 1480 'Lelandensem
878 1437 919 1478 in
944 1436 1086 1478 insula
1108 1435 1331 1479 VValkaria
1361 1435 1578 1486 ascendit,
1600 1437 1721 1491 juxta

237 1511 381 1552 villam
421 1516 735 1565 campestrem,
776 1522 861 1563 que
902 1514 1080 1546 vocatur
1114 1505 1252 1546 Veerc
1293 1504 1360 1545 vel
1396 1504 1643 1561 Camphere
1684 1511 1725 1544 et

238 1580 377 1620 suerat
401 1576 623 1634 quondam
652 1573 871 1618 NVulfardi
895 1572 1029 1615 occisi
1060 1581 1101 1613 et
1127 1580 1280 1630 postea
1309 1572 1496 1613 filiorum
1526 1587 1721 1620 suorum,

237 1656 340 1688 tunc
364 1646 417 1687 de
438 1654 554 1686 terra
584 1659 658 1684 sua
687 1642 970 1699 expulsorum
1000 1649 1042 1682 et
1071 1657 1168 1682 cnm
1192 1640 1395 1681 (luidone
1423 1640 1722 1682 existentium.

238 1714 449 1756 Videntes
482 1720 624 1753 autem
650 1709 713 1751 illi
741 1710 795 1751 de
824 1711 962 1751 Veere
991 1708 1250 1749 domicellos
1274 1724 1398 1757 suos,
1427 1707 1630 1748 alacriter
1651 1723 1724 1748 eos

240 1789 524 1839 receperunt,
566 1779 797 1827 ballivum,
836 1778 909 1834 qui
939 1786 1031 1818 erat
1060 1776 1120 1817 ibi
1149 1792 1199 1817 ex
1228 1784 1351 1833 parte
1379 1776 1578 1825 comitis,
1608 1776 1724 1816 occi-

237 1852 409 1893 dentes.
440 1850 636 1904 Cumque
656 1846 802 1887 Guido
825 1854 867 1887 et
884 1846 990 1887 socii
1015 1845 1081 1885 sui
1104 1844 1421 1901 aliquantulum
1448 1843 1610 1884 ibidem
1638 1843 1724 1884 cibi

239 1917 548 1975 sumpsissent,
569 1914 816 1956 nuntiatum
837 1922 901 1955 est
918 1913 972 1964 ei,
999 1913 1147 1954 hostes
1165 1912 1522 1969 appropinquare
1539 1911 1723 1968 prelium

239 1987 485 2044 cupientes.
514 1983 597 2036 Qui
624 1983 827 2023 alacriter
849 1997 1036 2038 surgens
1058 1981 1111 2021 de
1139 1996 1285 2021 mensa
1314 1979 1375 2020 eis
1405 1995 1501 2020 cum
1531 1978 1722 2020 exercitu

240 2072 317 2097 suo
346 2053 515 2094 obviam
544 2050 777 2109 processit.
813 2048 1105 2091 Commissum
1133 2057 1197 2089 est
1230 2047 1375 2104 itaque
1406 2047 1567 2088 bellum
1595 2063 1727 2104 super

239 2138 445 2181 aggerem
481 2119 714 2178 quemdam
752 2117 955 2175 superius
1000 2125 1041 2158 et
1078 2132 1129 2156 ex
1176 2124 1360 2172 utroque
1406 2115 1540 2156 latere
1588 2115 1725 2172 ipsius

239 2190 414 2250 aggeris
445 2187 627 2230 inferius
662 2203 759 2227 cum
794 2184 1069 2226 ferocissimo
1093 2192 1135 2225 et
1169 2182 1474 2224 crudelissimo
1508 2198 1722 2232 occursu3

239 2259 403 2316 diuque
427 2273 477 2299 ex
495 2265 680 2312 utraque
703 2263 825 2312 parte
850 2253 1089 2294 crudeliter
1111 2260 1151 2292 et
1168 2251 1352 2292 viriliter
1375 2260 1615 2308 pugnatum
1642 2259 1722 2293 est.

242 2327 329 2369 Sed
366 2324 683 2367 llollandenscs
718 2331 761 2363 ct
796 2321 1108 2369 Zelandenses,
1137 2335 1259 2360 acres
1292 2318 1333 2359 in
1357 2318 1575 2375 principio
1611 2327 1653 2358 et
1681 2318 1723 2358 in

240 2410 450 2452 aggressu
497 2391 712 2433 bellorum
767 2389 923 2430 ferocis
962 2403 1188 2434 occursus,
1231 2403 1315 2427 non
1363 2386 1437 2427 diu
1488 2386 1725 2443 persistere

240 2463 398 2511 solent,
442 2460 544 2501 dnm
589 2460 721 2500 sortes
765 2456 995 2498 inveniunt
1033 2455 1304 2503 resistentes,
1345 2454 1458 2494 unde
1500 2462 1541 2495 et
1580 2453 1657 2501 ibi,
1704 2469 1724 2493 a

287 2663 311 2692 l.
339 2664 381 2693 Le
400 2663 437 2692 22
450 2672 492 2691 ou
509 2662 545 2690 23
562 2659 648 2689 avril
667 2660 753 2689 1:303.

284 2707 312 2735 2.
340 2705 382 2734 Le
401 2705 438 2734 25
455 2702 542 2732 avril
566 2702 652 2731 1303.
