1856 2963
144 191 225 223 1308
650 191 846 222 ANNALES
872 190 1127 222 GANDENSES
1589 191 1628 219 213

146 269 284 326 ipsius
314 268 564 325 presentia,
601 268 644 309 in
681 285 763 325 qua
796 267 983 325 plurime
1019 267 1281 308 servilitates
1311 275 1352 307 et
1379 267 1630 323 gravamina

147 337 254 394 ipsis
289 336 680 377 communitatibus
716 336 1063 393 injungebantur
1102 344 1144 375 et
1172 335 1301 375 etiam
1331 333 1414 390 ipsi
1453 333 1627 383 comiti,

146 421 230 462 que
265 404 395 446 etiam
431 404 575 445 littera
611 420 822 445 summam
856 403 973 460 regis
1011 402 1064 443 de
1105 403 1241 443 forma
1272 401 1393 459 pacis
1431 402 1631 442 contine-

144 473 233 514 bat.
260 475 307 514 In
334 488 461 529 quam
492 473 759 513 sententiam
794 471 894 528 quia
930 471 1035 511 dieti
1063 479 1371 526 procuratores
1395 470 1632 510 noluerunt

146 539 398 581 consentire
438 555 517 597 nec
562 540 738 580 fuerunt
784 539 899 588 ausi,
941 546 1042 594 post
1078 537 1256 578 multam
1286 537 1631 594 protractionem

146 607 543 664 parlamentorum,
575 607 693 648 dicto
722 622 870 647 mense
903 605 1019 646 circa
1049 605 1178 646 finem
1198 638 1206 650 ,
1234 604 1412 663 negotio
1442 604 1629 655 infecto,

147 674 200 716 ad
224 674 347 716 villas
375 690 473 716 suas
497 684 597 715 sunt
620 673 800 716 rever.si

205 743 427 785 ,Ῑοὴιιιιιιε5
459 752 601 784 autem
639 741 834 783 marchio
861 743 895 782 N
900 740 1192 790 manucensis,
1221 740 1293 798 qui
1313 757 1503 814 'piesens
1531 741 1632 782 ade-

149 821 227 861 rat,
266 810 379 852 sieut
412 820 610 868 tempole
641 810 787 867 aliquo
819 826 864 850 el
869 818 910 850 at
935 809 1050 850 inter
1072 825 1220 866 legem
1247 818 1287 849 et
1311 808 1452 865 ipsum
1480 826 1634 865 pr¹eo1-

147 878 371 928 dinatum,
409 879 450 919 in
486 895 664 920 uxorem
695 879 886 935 accepit,
916 877 1069 918 eodem
1101 893 1273 926 mense
1305 877 1436 917 hlium
1461 886 1634 918 comitis

148 947 541 996 Claremontensis,
568 946 710 1004 patrui
735 945 867 1003 legis,
900 946 1074 1002 ipsique
1097 944 1188 1001 regi
1214 911 1422 986 ιιίίἳιῐιιίῒιὶι,
1447 953 1512 985 est
1536 961 1634 985 eon-

143 1017 338 1072 junctus
367 1016 449 1069 Qui
480 1016 608 1056 etiam
641 1031 712 1055 rex
737 1015 851 1055 inter
880 1014 1020 1071 ipsum
1053 1022 1094 1054 et
1126 1013 1406 1061 lmdoxicum,
1432 1014 1633 1054 comitem

147 1083 478 1132 Niverncnsem,
505 1092 739 1139 cognatum
763 1099 904 1131 suum,
932 1090 1125 1137 utsupra
1151 1081 1314 1121 dictum
1339 1090 1420 1130 est,
1445 1082 1637 1138 graviter

148 1151 470 1201 discordantes,
514 1168 665 1208 pacem
718 1151 983 1207 composuit.
1038 1151 1134 1191 Dux
1192 1148 1320 1190 etiam
1381 1149 1632 1197 Brabantic,

149 1220 387 1268 Johmmcs,
431 1219 504 1276 qui
545 1218 602 1259 ibi
643 1228 755 1268 crat,
801 1220 923 1273 cujus
963 1218 1091 1258 amita
1127 1226 1219 1257 crat
1258 1217 1433 1258 domina
1481 1218 1632 1267 Maria,

151 1304 334 1328 noverca
365 1287 504 1345 regis,
542 1296 583 1327 ct
617 1303 769 1327 omncs
805 1285 976 1327 nobiles
1010 1286 1190 1326 Francic
1223 1294 1263 1326 et
1303 1284 1508 1326 Flandric
1538 1301 1633 1325 cuin

149 1356 244 1412 ipso
294 1356 486 1397 Robcrto
526 1355 685 1395 comite
734 1364 775 1395 et
828 1354 1036 1395 fratribus
1077 1354 1166 1394 suis
1215 1353 1375 1393 ibidem
1428 1351 1635 1394 dicuntur

148 1433 298 1464 contra
340 1422 675 1464 communitates
726 1422 1018 1463 Flandrenscs
1074 1421 1351 1470 convenisse,
1404 1422 1521 1478 quod
1563 1438 1634 1461 cas

149 1491 501 1549 subpeditarcut.
531 1491 657 1533 Unde
683 1490 800 1531 dicte
829 1489 1189 1538 communitates,
1215 1490 1258 1529 in
1288 1489 1401 1529 villis
1430 1489 1635 1530 Flandric

149 1569 191 1601 ct
225 1559 547 1615 campestribus
580 1575 657 1615 pro
695 1559 845 1615 majori
881 1566 1028 1614 parte,
1071 1573 1202 1615 grave
1243 1556 1391 1598 odium
1429 1557 1635 1597 adversus

151 1644 298 1685 regem
328 1636 370 1668 et
407 1627 611 1668 comitem
637 1635 679 1667 et
709 1627 863 1667 fratres
887 1627 981 1683 ejus
1010 1634 1051 1666 et
1082 1641 1233 1665 omnes
1260 1626 1431 1666 nobiles
1460 1634 1501 1665 ct
1525 1625 1639 1665 divi-

149 1705 215 1737 tes
239 1696 497 1752 burgenses,
521 1695 681 1735 dictam
700 1711 850 1751 pacem
874 1693 1121 1749 cupientes,
1149 1702 1463 1750 conceperunt,
1484 1694 1636 1734 timcn-

150 1773 215 1804 tes
244 1764 377 1820 quod,
399 1789 456 1794 —-
477 1763 529 1804 ad
552 1762 887 1803 sin‘iilitudinem
917 1762 1099 1802 aliarum
1119 1770 1352 1811 terrarum,
1386 1762 1458 1801 ubi
1482 1761 1636 1817 vulgus

152 1831 444 1872 communiter
473 1847 643 1872 servum
667 1839 755 1879 cst,
780 1856 835 1861 -—
859 1839 900 1870 et
930 1829 1012 1885 ipsi
1048 1830 1090 1870 in
1121 1829 1371 1869 servitutem
1403 1846 1481 1886 per
1510 1829 1636 1870 nobi-

152 1899 256 1940 lium
279 1908 321 1940 et
342 1901 552 1954 majorum
583 1898 862 1940 concordiam
890 1897 1212 1953 redigerentur.

212 1969 362 2009 Mense
385 1967 637 2016 Novembri,
670 1966 904 2023 Philippus
933 1982 1080 2006 comes
1103 1966 1358 2015 Theatinus‚
1392 1966 1505 2006 filius
1529 1964 1637 2006 (lui-
1680 1976 1681 1979 ’

151 2035 278 2076 donis
315 2036 488 2076 comitis
520 2044 561 2076 et
597 2036 728 2075 l'ratcr
759 2034 963 2082 ltobcrti,
998 2033 1071 2090 qui
1108 2049 1210 2090 erga
1244 2050 1389 2090 regem
1427 2034 1466 2073 in
1492 2042 1637 2074 monte

155 2103 396 2145 l‘avellensi
430 2103 592 2144 bellum
631 2102 802 2151 habuit,
835 2103 874 2142 in
906 2101 1029 2143 Italia
1059 2110 1254 2142 mortuus
1284 2110 1349 2142 est
1378 2109 1419 2142 ct
1454 2101 1494 2142 in
1525 2103 1636 2143 Nea-

152 2171 241 2228 poli
267 2171 480 2227 sepultus.

214 2239 377 2280 Eodem
423 2255 587 2287 meuse,
626 2247 719 2279 orta
751 2246 816 2279 est
856 2237 1100 2288 discordia,
1138 2237 1179 2278 in
1211 2237 1416 2278 Flandria
1459 2247 1500 2278 ct
1543 2237 1638 2279 aliis

153 2306 415 2364 quibusdam
449 2308 602 2355 terris,
656 2306 772 2347 inter
820 2306 1056 2346 monachos
1097 2305 1282 2346 clericos
1330 2306 1638 2347 Cistcrcicnsis

153 2375 322 2415 ordinis
354 2384 395 2416 et
428 2391 663 2416 conversos
688 2375 901 2430 ipsorum,
933 2373 1033 2430 quia
1063 2373 1244 2413 abbates
1270 2389 1418 2413 eorum
1453 2374 1496 2414 in
1531 2390 1638 2431 qua-

154 2443 252 2482 dam
287 2443 631 2500 congregatione
670 2457 744 2482 sua
786 2441 1121 2483 ordinaverant,
1164 2449 1262 2481 ante
1294 2449 1467 2497 tempus
1503 2442 1636 2491 istud,

154 2510 271 2566 quod
294 2519 410 2550 terre
433 2509 627 2566 ipsorum
652 2508 740 2549 sive
765 2509 873 2565 agri,
899 2525 1008 2565 quos
1032 2507 1229 2548 conversi
1251 2508 1451 2549 solebant
1475 2509 1636 2557 colere,

156 2577 425 2618 secularibus
461 2578 513 2618 ad
548 2577 797 2625 colendum,
831 2576 944 2617 sicut
973 2576 1086 2632 nigri
1119 2576 1320 2616 monachi
1349 2576 1525 2623 faciunt,
1559 2577 1638 2617 sub

156 2662 296 2686 annua
326 2645 540 2702 pensione
573 2654 614 2685 et
649 2644 792 2685 reditu
821 2645 1117 2692 traderentur,
1151 2643 1432 2684 intendentes
1457 2644 1638 2684 ulterius

156 2713 289 2755 laicos
321 2714 362 2754 in
394 2729 630 2754 conversos
665 2728 748 2753 non
782 2712 1004 2769 recipere,
1037 2720 1078 2752 et
1113 2712 1174 2752 sie
1202 2728 1276 2752 eos
1305 2713 1348 2752 in
1378 2728 1455 2767 suo
1483 2712 1637 2753 ordine
