1856 2963
204 146 243 176 74-
706 149 903 180 ANNALES
927 149 1185 181 GANDENSES
1609 153 1690 183 1304

204 221 410 264 resistere
439 239 526 265 non
560 225 771 276 valentes,
814 242 965 267 versus
1001 227 1192 268 Insulam
1228 228 1492 285 aufugerunt
1526 247 1534 270 :
1572 230 1689 270 unde

203 290 319 332 dicta
340 292 455 333 acies
477 291 572 334 sine
595 293 740 351 aliqua
763 294 1016 336 resistentia
1040 295 1186 336 omnia
1208 296 1399 337 tentoria
1421 305 1464 338 et
1485 297 1690 338 victualia

200 358 557 409 Flandmmsium,
590 361 794 402 utensilia
818 371 860 403 et
882 362 1139 404 indumenta
1160 379 1313 420 rapere
1341 364 1460 421 cepit
1478 373 1520 406 et
1535 364 1690 422 depre-

203 426 325 477 dari;
356 427 436 468 alia
466 436 609 469 autem
641 429 783 479 acies,
822 446 906 487 que
938 431 1068 472 missa
1105 440 1197 472 erat
1225 431 1279 473 acl
1317 431 1430 473 latus
1461 432 1687 482 dextrum,

202 494 398 536 immisso
423 511 563 537 cuneo
595 513 647 538 ex
671 513 718 538 ea
745 497 922 539 circiter
946 498 1128 556 triginta
1160 499 1227 540 vel
1249 499 1543 557 quadraginta
1566 500 1690 556 equi-

202 571 292 603 tum
316 579 414 604 cum
440 564 691 606 fortissimis
714 567 837 623 equis
863 567 978 608 inter
1000 583 1153 608 currus
1178 575 1218 608 et
1242 567 1554 618 Flandrenses‚
1580 567 1691 608 nite-

203 631 332 672 batur
359 647 432 672 eos
470 647 490 672 a
533 633 735 674 curribus
781 633 978 676 dividere
1020 643 1063 676 et
1108 651 1129 675 a
1172 643 1299 692 tergo
1333 635 1557 677 invadere.
1603 636 1692 677 Sed

203 699 550 741 Flandrensibus
568 701 774 743 ferociter
798 719 843 743 se
866 703 919 743 ad
947 703 1091 744 dictos
1110 703 1281 760 equites
1301 703 1574 745 vertentibus
1596 719 1693 744 cum

204 767 358 818 hastis,
387 768 471 825 ipsi
494 786 645 811 omnes
680 778 723 811 et
749 771 851 828 equi
891 771 1089 828 ipsorum
1128 771 1321 812 confossi
1359 780 1402 812 et
1435 772 1692 829 interempti

206 844 328 887 sunt;
362 837 476 878 unde
507 837 622 878 dicta
647 839 762 879 acies
791 839 935 880 adhuc
963 841 1099 897 magis
1124 839 1496 897 circumequitans
1524 840 1642 881 venit
1670 856 1693 881 a

205 913 328 963 tergo
351 905 459 946 aciei
479 906 696 947 exercitus
722 907 1080 957 Flandrensium,
1102 908 1158 949 ita
1183 908 1302 965 quod
1329 908 1442 948 inter
1463 916 1693 966 utramque

205 982 329 1014 erant
353 974 659 1015 tantummodo
681 975 870 1032 predicti
900 992 1054 1017 currus
1076 975 1349 1033 conglobati.
1382 977 1694 1033 Ceperuntque

206 1042 378 1098 pedites
424 1042 531 1082 aciei
574 1043 690 1100 regis
743 1043 954 1100 paulatim
999 1044 1257 1085 abstrahere
1305 1060 1458 1085 currus
1501 1052 1544 1085 et
1583 1045 1693 1085 viam

206 1125 360 1166 parare
392 1111 616 1167 equitibus
652 1111 763 1161 suis,
786 1120 839 1161 ¹ut
871 1111 1166 1153 Flandrenses
1200 1112 1455 1153 invaderent
1498 1128 1517 1153 a
1549 1121 1690 1170 tergo.

207 1177 335 1230 Quod
362 1187 406 1218 ut
434 1178 728 1220 Flandrenses
761 1179 988 1229 viderunt,
1025 1181 1171 1220 statim
1195 1179 1405 1221 lancearii
1429 1196 1479 1221 ex
1507 1180 1560 1221 iis
1581 1181 1694 1221 bene

208 1246 361 1286 armati
393 1246 688 1288 ascenderunt
717 1264 870 1288 currus
902 1255 944 1288 et
972 1247 1147 1305 pedites
1177 1248 1292 1304 regis
1315 1249 1368 1289 ab
1398 1248 1695 1289 abstractione

207 1330 413 1355 curruum
436 1324 708 1356 amoverunt.
737 1316 866 1357 Acies
896 1316 1032 1373 igitur
1064 1316 1196 1366 dicta,
1231 1316 1385 1357 videns
1422 1332 1466 1357 se
1496 1317 1538 1357 in
1575 1316 1695 1357 nullo

208 1398 337 1439 posse
364 1383 417 1423 ad
443 1393 755 1424 nocumentum
787 1384 1125 1425 Flandrensium
1164 1384 1395 1442 proficere,
1430 1384 1482 1424 ad
1515 1383 1695 1441 predam

209 1459 250 1490 et
273 1450 468 1508 rapinam
501 1468 650 1492 versus
689 1461 879 1493 montem
907 1453 1207 1493 Pavellensem
1245 1469 1290 1493 se
1327 1452 1568 1502 convertit3
1605 1460 1696 1492 erat

209 1519 322 1559 enim
358 1527 543 1576 utraque
581 1520 696 1560 acies
732 1520 954 1562 antedicta
986 1529 1072 1561 tam
1103 1521 1299 1578 equitum
1331 1537 1459 1577 quam
1498 1519 1695 1577 peditum

208 1586 260 1627 de
278 1588 497 1627 extrancis
518 1596 556 1628 et
582 1588 875 1629 conducticiis
894 1589 1010 1646 regis
1028 1605 1107 1645 pro
1127 1587 1277 1644 majori
1295 1597 1434 1645 parte.

268 1656 374 1695 Cum
402 1671 508 1713 ergo
534 1672 613 1712 per
643 1658 849 1712 majorem
874 1666 1042 1713 partem
1067 1656 1153 1697 dici
1181 1656 1242 1697 sic
1259 1656 1374 1697 inter
1399 1656 1506 1697 duas
1528 1655 1695 1713 longis-

210 1723 339 1763 simas
370 1723 485 1764 acies
509 1724 709 1767 hostiles,
736 1734 777 1765 ut
803 1725 967 1766 dictum
995 1733 1075 1773 cst,
1102 1724 1268 1781 pariter
1295 1733 1536 1782 pugnatum
1562 1733 1694 1773 essct,

209 1800 250 1832 ct
278 1791 391 1832 inter
414 1808 485 1832 eas
510 1792 632 1833 multi
658 1793 780 1834 valde
804 1795 1003 1848 jacerent
1035 1802 1120 1833 tam
1153 1792 1233 1833 viri
1257 1809 1384 1849 quam
1409 1792 1511 1849 equi
1536 1791 1693 1840 occisi,

210 1868 252 1900 et
269 1861 398 1900 etiam
421 1877 470 1901 cx
488 1870 672 1918 utraque
690 1869 814 1918 parte
828 1877 905 1918 pre
929 1861 1126 1918 pondere
1143 1877 1363 1902 armorum
1382 1869 1423 1901 et
1440 1860 1576 1901 estivo
1596 1876 1696 1901 cau-

212 1936 323 1968 mate
359 1928 452 1970 sine
481 1929 740 1970 vulneribus
770 1929 973 1970 suffocati
1046 1928 1298 1970 videntibus
1331 1928 1696 1971 Flandrcnsibus.

211 2011 361 2036 versus
385 2005 577 2037 montem
605 1997 767 2045 omnia,
795 2013 879 2054 que
903 1997 952 2037 ad
978 2013 1052 2037 eos
1073 1996 1372 2053 pertinebant,
1397 2012 1493 2036 esse
1516 2004 1636 2052 rapta
1657 2004 1699 2035 ct

212 2064 469 2120 depredata,
490 2065 580 2105 sole
595 2066 682 2120 jam
711 2066 952 2122 incipiente
970 2065 1151 2106 tendere
1169 2065 1221 2106 ad
1238 2081 1456 2108 occasum,
1477 2065 1697 2105 johannes

211 2133 547 2181 Namurcensis,
583 2133 658 2190 qui
693 2134 1004 2175 Gandensibus
1043 2142 1239 2190 preerat,
1276 2132 1452 2174 nuntios
1492 2131 1609 2173 misit
1645 2132 1696 2172 ad

212 2201 470 2247 Robertum,
499 2201 783 2243 XYilhelmum
807 2210 847 2242 ot
867 2201 1138 2258 Philippum,
1164 2201 1254 2258 qui,
1283 2210 1325 2241 ut
1347 2200 1591 2256 predictum
1614 2208 1695 2243 est,

213 2268 308 2309 aliis
346 2270 606 2325 prefuerunt
642 2270 1012 2320 Flaudoensibus,
1045 2285 1233 2326 querens
1259 2269 1312 2309 ab
1341 2267 1417 2316 iis,
1447 2267 1552 2324 quid
1587 2268 1698 2308 facto

214 2353 323 2393 opus
349 2346 481 2387 esset,
514 2337 729 2394 simulque
764 2338 1026 2382 ostendens,
1053 2354 1096 2377 sc
1126 2347 1164 2378 et
1199 2353 1323 2383 suos,
1361 2337 1433 2393 qui
1472 2336 1524 2376 ad
1561 2351 1694 2376 cornu

215 2405 441 2446 sinistrum
478 2415 616 2456 erant,
654 2406 769 2446 helio
801 2422 896 2446 esse
937 2407 1072 2446 fessos
1112 2415 1153 2446 et
1184 2414 1483 2463 pregravatos.
1526 2403 1696 2457 Quibus

214 2474 434 2514 communi
469 2474 654 2515 consilio
691 2474 773 2515 hoc
812 2474 951 2514 visum
992 2482 1072 2523 est,
1112 2483 1152 2514 et
1188 2474 1243 2514 ita
1281 2474 1318 2514 ei
1349 2472 1694 2529 responderunt,

213 2541 330 2597 quod
353 2558 449 2582 cum
472 2542 693 2582 horrendo
720 2542 907 2583 clamore
928 2551 968 2582 ct
989 2542 1097 2592 alto,
1131 2541 1348 2598 simulque
1377 2540 1506 2581 ctiam
1530 2548 1572 2580 et
1595 2555 1690 2580 cum

216 2609 336 2650 totali
366 2625 440 2649 sua
471 2626 624 2665 magna
645 2610 753 2659 acie,
780 2610 916 2651 aciem
939 2611 1205 2651 Francorum
1234 2609 1506 2657 invaderent,
1536 2616 1577 2648 ct
1599 2608 1697 2663 qui-

216 2678 296 2719 bus
326 2677 485 2719 faveret
508 2679 641 2720 Deus.
669 2678 729 2719 cis
752 2678 931 2720 victoria
955 2678 1288 2720 concederetur.
1319 2678 1477 2735 Sicquc
1502 2676 1695 2733 aliquan-
