1856 2963
263 157 302 187 28
768 155 965 186 ANNALES
990 154 1247 186 GANDENSES
1672 155 1750 185 1302

263 234 367 277 Maii
396 234 638 292 profectus,
669 249 821 274 omnes
840 232 946 274 istas
971 240 1112 274 terras
1138 231 1354 282 obtinuit,
1387 231 1676 273 reddentibus
1705 248 1750 273 se

265 302 349 344 sibi
387 311 428 343 et
461 300 780 343 adherentibus
826 299 1122 342 libentissime
1157 308 1200 341 et
1234 308 1328 342 toto
1368 300 1501 341 corde
1546 299 1750 341 omnibus

262 369 534 428 vulgaribus,
566 369 640 426 qui
674 386 695 410 a
721 368 903 410 Francis
932 378 973 410 et
1002 368 1206 410 Liliardis
1235 369 1324 410 suis
1356 368 1528 410 fuerant
1549 368 1752 425 oppressi

264 447 306 479 et
325 438 448 495 quasi
475 437 528 479 ad
549 437 834 478 servilitatem
857 436 1039 478 redacti.
1074 438 1274 494 Cumque
1294 437 1487 477 venisset
1506 438 1626 492 juxta
1642 438 1751 477 Ber-

264 522 363 564 gam
394 522 490 547 cum
519 505 715 546 exercitu
744 521 821 546 suo
848 505 973 546 valde
1007 521 1188 563 magno,
1214 505 1371 546 Franci
1394 513 1436 545 et
1464 504 1644 546 Liliardi
1667 503 1751 545 cir-

265 574 375 615 citer
402 573 572 630 equites
605 573 878 631 septingenti
913 572 958 614 in
992 590 1040 614 ea
1069 573 1331 623 existentes,
1374 573 1477 613 licet
1503 572 1602 613 villa
1638 580 1755 613 esset

266 642 378 683 bene
407 641 589 691 munita,
615 650 758 682 tamen
784 658 869 682 non
895 641 1178 683 confidebant
1203 641 1256 682 de
1279 641 1581 682 habitantibus
1601 641 1643 681 iu
1668 656 1715 682 ea
1741 657 1748 680 ε

266 726 353 751 non
385 718 485 750 sunt
508 710 599 750 ausi
624 725 764 766 usque
793 710 845 750 ad
872 709 1150 750 obsidionem
1184 708 1328 766 ipsum
1359 717 1640 766 exspectare,
1677 708 1754 749 sed

267 778 320 819 de
349 794 397 819 ea
424 778 642 835 fugientes
670 777 722 818 ad
749 777 895 818 villam
927 777 1344 819 Sancti-Audomari
1371 793 1415 818 se
1448 777 1752 827 contulerunt3

267 845 383 887 unde
412 845 678 889 XVilhelmus
708 845 802 886 sine
833 845 983 886 labore
1017 845 1225 886 obtinuit.
1263 847 1327 886 De
1362 847 1502 902 Berga
1532 845 1754 901 profectus

265 931 418 955 versus
448 914 688 965 Casletum,
719 922 810 955 tota
832 922 949 955 terra
975 922 1017 955 et
1038 914 1138 955 villa
1167 913 1413 955 Casletensi
1440 913 1685 954 voluntarie
1710 929 1754 953 se

267 983 497 1032 reddente,
528 982 667 1022 solum
692 991 883 1023 castrum
914 982 1152 1032 Casletum,
1188 982 1305 1038 quod
1334 990 1427 1022 erat
1454 982 1496 1022 in
1528 981 1755 1022 cacumine

267 1050 443 1099 montis,
465 1050 577 1091 sicut
600 1059 641 1091 et
668 1050 957 1092 fortissimum
980 1060 1022 1092 et
1047 1068 1068 1091 a
1088 1051 1250 1091 Jacobo
1273 1050 1452 1091 cibariis
1476 1058 1518 1090 et
1541 1049 1755 1090 machinis

266 1118 438 1159 bellicis
473 1128 514 1159 et,
542 1118 645 1160 viris
675 1120 868 1160 strenuis
891 1120 1004 1160 bene
1033 1120 1272 1175 provisum,
1303 1118 1385 1159 sibi
1419 1118 1605 1168 restitit3
1637 1117 1756 1174 quod

266 1187 442 1228 obsedit
464 1187 597 1245 longo
619 1196 819 1244 tempore
849 1195 891 1228 et
919 1187 1208 1245 oppugnavit.

327 1255 451 1297 Circa
474 1255 745 1313 principium
771 1257 935 1296 mensis
958 1256 1093 1305 Junii,
1116 1255 1261 1297 Guido
1283 1254 1611 1304 Namurcensis,
1641 1254 1756 1295 filius

268 1324 457 1373 comitis,
489 1324 607 1365 venit
636 1326 822 1382 Brugas,
856 1323 929 1381 qui
955 1324 1278 1380 jucundissime
1304 1340 1324 1364 a
1353 1323 1452 1364 villa
1483 1332 1525 1364 et
1553 1323 1693 1379 patria
1715 1330 1758 1363 et

266 1391 493 1432 territorio
534 1400 756 1449 receptus,
794 1408 1021 1433 assumens
1051 1408 1197 1433 secum
1228 1390 1466 1432 exereitum
1501 1399 1757 1447 competen-

268 1468 353 1500 tem
379 1460 601 1516 profectus
625 1469 690 1500 est
719 1462 1000 1504 Curtracum,
1030 1460 1411 1516 reddentibusque
1436 1475 1479 1500 se
1506 1458 1589 1500 sibi
1608 1458 1756 1499 volun-

267 1529 375 1569 tarie
402 1528 501 1569 villa
531 1538 572 1569 et
600 1528 826 1569 territorio
856 1529 1139 1569 Curtracensi
1162 1537 1205 1569 et
1232 1527 1574 1577 Aldenardensi,
1605 1526 1757 1568 Liliar-

269 1596 335 1637 dis
382 1596 586 1637 omnibus
631 1596 849 1653 effugatis,
898 1605 1091 1637 castrum
1140 1598 1434 1637 Curtraceuse
1492 1594 1668 1635 obsedit
1717 1602 1758 1635 et

268 1665 555 1721 oppugnavit.
583 1667 686 1705 Erat
708 1664 822 1705 enim
848 1664 972 1705 miles
997 1663 1290 1721 probissimus
1316 1673 1358 1705 et
1379 1663 1616 1720 gratiosus,
1643 1662 1758 1703 unde

269 1748 421 1772 omnes
449 1732 761 1782 Flandrenscs,
791 1732 918 1773 amici
947 1733 1084 1788 patris
1108 1732 1190 1781 sui,
1222 1732 1275 1773 de
1304 1732 1525 1788 presentia
1556 1731 1694 1788 ipsius
1718 1739 1759 1771 et

269 1800 516 1850 wilhelmi,
544 1800 728 1841 animosi
754 1809 798 1841 ut
821 1800 971 1841 leones
995 1800 1140 1841 effecti
1161 1808 1277 1840 sunt.
1303 1800 1415 1841 Villa
1442 1799 1569 1840 etiam
1594 1801 1758 1855 Ypren—

270 1868 328 1908 sis
353 1885 397 1910 se
421 1868 504 1909 sibi
530 1869 728 1917 tradidit,
760 1876 904 1909 tamen
934 1868 1115 1909 Liliardi
1142 1867 1185 1908 in
1208 1884 1255 1908 ea
1283 1867 1560 1908 dominantes
1584 1883 1758 1907 reman-

272 1946 445 1985 serunt3
487 1936 559 1993 qui
592 1937 722 1977 invite
761 1936 907 1977 villam
944 1936 1026 1977 sibi
1064 1935 1369 1984 tradidissent,
1416 1935 1499 1976 nisi
1537 1934 1679 1992 ipsum
1718 1943 1759 1975 et

272 2005 495 2061 propriam
527 2005 885 2045 communitatem
922 2004 1005 2045 sibi
1048 2005 1262 2045 faventem
1304 2003 1572 2044 timuissent.
1606 2003 1755 2047 Unde,

274 2082 317 2114 ut
346 2072 646 2123 involuntarii,
686 2089 770 2113 non
802 2072 1017 2113 miserunt
1050 2072 1133 2113 sibi
1168 2073 1248 2113 sub
1284 2072 1373 2113 suis
1409 2071 1613 2129 expensis
1643 2079 1684 2111 et
1707 2071 1759 2111 de

273 2141 450 2198 propria
475 2141 789 2183 communitate
813 2140 896 2181 nisi
915 2141 1184 2198 quingentos
1207 2140 1394 2197 pedites,
1420 2156 1516 2180 cum
1540 2140 1760 2197 aliquibus

275 2208 532 2259 balistariis,
561 2209 614 2250 ad
640 2209 770 2250 castri
796 2210 1104 2250 Curtracensis
1131 2208 1527 2265 oppugnationem.

333 2278 445 2320 Villa
476 2277 727 2318 (lundensis
755 2278 846 2334 regi
877 2277 1050 2318 adhesit
1082 2278 1292 2318 instinctu
1323 2285 1364 2317 et
1393 2276 1578 2316 consilio
1607 2276 1759 2316 Liliar-

276 2346 448 2395 dorum,
481 2347 675 2402 quamvis
701 2346 790 2386 sere
819 2354 906 2386 tota
932 2345 1223 2386 communitas
1252 2345 1399 2385 comiti
1423 2345 1599 2385 faveret.

334 2415 524 2455 ,Iacobus
556 2413 692 2471 igitur
719 2414 872 2455 videns
902 2414 1149 2454 (luidonem
1176 2422 1219 2454 et
1238 2413 1522 2456 XVillielmum
1549 2414 1610 2453 sic
1634 2429 1760 2469 pros-

276 2482 438 2538 perari,
470 2491 512 2522 ct
542 2498 586 2522 se
618 2481 679 2522 eis
719 2483 924 2522 resistere
952 2498 1035 2522 non
1069 2497 1214 2538 posse,
1254 2483 1384 2522 Petro
1416 2481 1468 2520 de
1506 2481 1627 2522 Flota
1664 2497 1759 2521 cum

277 2551 487 2596 exercitu,
520 2566 648 2606 quem
679 2566 950 2608 congregare
978 2559 1165 2607 poterat,
1197 2550 1240 2590 in
1263 2558 1406 2590 castro
1435 2558 1476 2589 et
1503 2549 1602 2590 villa
1637 2552 1760 2590 Insu-

278 2619 387 2659 lensi
424 2618 594 2668 relicto,
633 2619 685 2659 ad
711 2635 858 2674 regem
893 2627 934 2659 et
972 2619 1183 2675 reginam,
1220 2617 1351 2658 filiam
1386 2618 1548 2658 sororis
1586 2634 1676 2664 sue,
1716 2634 1760 2657 se

279 2685 482 2736 eontulit,
506 2687 734 2727 maximam
756 2687 983 2744 deponens
1007 2686 1324 2744 querimoniam
1347 2686 1400 2727 de
1423 2684 1596 2744 injuria,
1617 2684 1759 2726 anxie-
