1856 2963
268 161 307 192 44
773 163 970 194 ANNALES
995 163 1250 195 GANDENSES
1673 166 1752 196 1303

270 238 343 296 qui
367 239 510 280 adhuc
532 255 627 280 cum
648 239 952 281 Furnensibus
974 249 1016 282 et
1040 241 1370 283 Casletensibus
1385 243 1506 298 juxta
1530 242 1751 284 Casletum

268 307 461 348 existens
499 307 660 348 dicitur
702 307 918 350 dormisse
960 309 1026 350 vel
1068 309 1300 360 sudasse¹‚
1339 309 1536 351 solidarii
1581 310 1751 367 equites

270 374 388 432 regis
425 374 602 416 circiter
641 376 904 433 octingenti,
947 393 998 417 ex
1037 377 1198 433 quibus
1235 377 1359 419 multi
1398 386 1523 418 erant
1552 378 1748 424 Liliardi,

269 442 442 484 nobiles
480 443 650 485 scilicet
679 444 733 485 de
764 453 881 485 terra
922 445 1201 495 Flandrensi,
1233 447 1308 502 qui
1336 446 1389 487 de
1419 462 1467 487 ea
1495 455 1619 487 erant
1648 445 1750 487 effu-

268 510 357 568 gati
388 519 432 552 ut
454 511 648 553 faventes
668 511 780 570 regi,
805 512 976 554 occulta
998 522 1113 554 terre
1134 522 1469 571 cognoscentes,
1495 514 1550 555 de
1573 529 1750 555 nemore

268 578 475 636 quodam,
499 579 542 620 in
563 596 650 637 quo
672 580 902 631 latuerant,
935 581 1207 630 invadentes,
1228 581 1486 622 occiderunt
1508 581 1561 623 de
1581 582 1642 623 eis
1662 582 1752 622 fere

270 646 387 688 mille
410 647 540 697 viros,
566 648 620 689 de
649 649 808 706 quibus
837 657 981 690 tamen
1007 649 1131 690 multi
1154 659 1280 691 erant
1301 659 1343 691 et
1366 651 1501 706 major
1528 666 1628 706 pars
1651 665 1751 707 gar-

271 731 399 756 sones
424 724 465 756 et
482 717 648 774 aurige.
673 718 763 758 Hoc
790 716 973 758 audiens
995 717 1260 761 XVilhelmus
1282 718 1475 759 velocius
1502 734 1588 775 quo
1610 717 1753 775 potuit

271 783 360 824 suis
389 783 432 824 in
456 783 724 841 adjutorium
748 784 883 835 venit,
907 785 1166 843 vidensque,
1193 802 1238 826 se
1261 802 1423 843 paucos
1445 786 1608 827 habere
1633 786 1751 843 equi-

266 860 331 892 tes
355 860 397 893 et
420 852 569 893 hostes
593 852 769 903 multos,
795 853 1158 911 appropinquans
1181 854 1243 895 eis
1266 870 1403 912 equos
1427 870 1528 895 suos
1554 853 1748 911 reliquit,

268 928 308 960 et
349 936 522 962 omnem
556 921 796 962 exercitum
836 937 960 962 suum
1002 922 1137 978 pedes
1175 938 1371 980 pugnare
1405 921 1577 971 volens,
1615 921 1750 962 aciem

268 1004 468 1046 magnam
506 989 740 1030 rotundam
769 989 821 1030 ad
863 990 1039 1031 modum
1077 1007 1187 1047 cupe
1226 990 1293 1031 vel
1324 1006 1485 1031 corone
1522 989 1749 1037 ordinans,

267 1055 452 1114 ipseque
480 1057 522 1098 in
548 1056 692 1098 medio
718 1059 811 1114 ejus
834 1057 1044 1108 existens,
1072 1059 1222 1099 hostes
1245 1058 1297 1099 ad
1326 1074 1517 1115 pugnam
1541 1073 1752 1115 provoca-

266 1124 342 1174 vit,
370 1124 444 1181 qui
474 1124 723 1166 insimiliter
750 1142 847 1167 cum
870 1125 966 1183 ipso
993 1126 1205 1184 congredi
1237 1143 1321 1167 non
1351 1126 1579 1176 audentes,
1610 1134 1752 1166 astute

268 1192 404 1233 aciem
441 1209 559 1234 snam
599 1193 1042 1251 circumequitabant,
1091 1194 1371 1251 explorantes
1415 1210 1497 1251 qua
1543 1202 1666 1251 parte
1713 1193 1750 1234 ei

268 1259 423 1301 melius
443 1277 601 1302 nocere
619 1270 817 1319 possent.
842 1266 1067 1319 Quotquot
1082 1271 1224 1303 autem
1246 1279 1297 1303 ex
1316 1263 1436 1303 eisin
1457 1271 1623 1303 tantum
1644 1261 1751 1303 aciei

269 1328 530 1370 Flandrensi
562 1329 1003 1387 appropinquabant,
1035 1330 1151 1387 quod
1175 1347 1249 1371 eos
1275 1330 1493 1388 attingere
1521 1338 1748 1387 poterant,

271 1396 586 1448 moriebantur,
606 1407 648 1439 et
673 1398 745 1456 qui
767 1415 819 1439 ex
835 1398 1074 1456 Flamingis
1095 1399 1222 1440 etiam
1247 1398 1393 1445 exivit,
1421 1398 1507 1440 cito
1531 1399 1584 1439 ab
1610 1397 1751 1439 incur-

269 1464 390 1506 sione
438 1467 633 1523 cquitum
672 1467 724 1508 ad
758 1476 918 1508 terram
955 1468 1334 1524 prosternebatur.
1381 1467 1541 1524 Sicque
1579 1467 1752 1508 stabant

269 1534 356 1574 fere
382 1550 460 1590 per
490 1534 598 1575 duas
621 1535 750 1575 horas
781 1535 1057 1592 stipendiarii
1083 1535 1198 1593 regis
1224 1535 1567 1576 1⁴'landrensibus
1591 1535 1631 1575 in
1660 1551 1750 1574 mo-

267 1601 366 1642 dico
395 1611 604 1643 nocentes
624 1611 666 1643 et
689 1620 710 1644 e
731 1604 968 1644 contrario.

326 1663 432 1702 Post
454 1661 617 1702 bellum
635 1663 749 1703 enirn
776 1664 1067 1704 Curtraeensc
1091 1679 1327 1719 numquam
1343 1661 1497 1703 Franci
1520 1661 1612 1702 ausi
1631 1670 1746 1708 sunt,

268 1745 347 1770 nec
376 1746 512 1786 eques
543 1746 622 1770 nec
655 1731 807 1787 pedes,
847 1731 1096 1788 Flamingos
1128 1748 1301 1787 semper
1334 1730 1468 1787 pedes
1504 1738 1749 1787 pugnantes

268 1796 445 1838 insimul
479 1813 576 1838 cum
613 1806 702 1839 tota
750 1800 841 1839 acie
877 1799 1159 1856 impugnare,
1189 1799 1265 1840 sed
1297 1816 1470 1855 semper
1499 1815 1573 1838 eos
1608 1797 1749 1839 circu-

270 1866 580 1923 mequitantes,
610 1866 788 1924 quando
814 1876 1034 1924 poterant,
1067 1883 1144 1924 per
1173 1875 1262 1907 tres
1284 1867 1350 1908 vel
1381 1876 1567 1924 quatuor
1599 1882 1749 1907 eorum

269 1933 586 1990 aliquantulum
618 1934 898 1986 invadebant,
930 1935 1016 1976 cito
1045 1952 1141 1976 cum
1165 1936 1290 1992 equis
1317 1935 1369 1975 ab
1392 1934 1454 1975 eis
1482 1934 1745 1979 resilientes,

270 2009 313 2042 ut
350 2002 468 2058 ipsos
504 2002 556 2042 de
592 2003 682 2043 acie
718 2019 791 2044 sua
828 2004 1127 2053 extraherent,
1170 2012 1210 2044 et
1251 2012 1352 2044 tunc
1391 2002 1462 2044 alii
1495 2002 1614 2060 ipsos
1653 2018 1748 2043 eum

267 2068 432 2126 impetu
452 2070 502 2110 ad
518 2079 678 2111 terram
699 2079 1050 2128 prosternerent.

325 2137 568 2178 Audientes
596 2138 730 2196 igitur
745 2141 965 2195 Yprenses
988 2148 1029 2180 et
1056 2142 1302 2197 Bergenses
1325 2139 1548 2190 damnum,
1569 2149 1610 2181 et
1639 2140 1750 2183 Wil-

266 2205 457 2246 helmum
483 2206 745 2263 impugnari,
778 2207 983 2248 velociter
1010 2207 1050 2248 in
1080 2206 1285 2248 auxilium
1310 2209 1402 2264 ejus
1427 2208 1588 2248 reversi
1619 2217 1745 2248 suut:

266 2289 374 2330 quos
405 2273 600 2315 solidarii
623 2275 686 2315 vel
718 2275 994 2332 stipendiarii
1027 2275 1142 2333 regis
1170 2275 1387 2324 videntes,
1418 2292 1616 2332 campum
1648 2276 1748 2316 reli-

265 2350 471 2398 quernnt,
500 2359 650 2383 versus
671 2343 1197 2384 Sanctu111-Audomarum
1218 2344 1449 2401 fugientes.
1477 2345 1595 2396 Quos
1621 2344 1746 2385 Flan-

265 2408 448 2450 drenses
487 2411 693 2467 quamdiu
738 2420 975 2467 potuerunt
1022 2411 1331 2469 insequenteS,
1370 2411 1539 2468 aliquos
1574 2412 1747 2453 occide.-

266 2485 382 2525 runt,
408 2477 554 2517 multis
583 2477 645 2518 eis
676 2479 718 2519 in
749 2479 912 2519 strictis
936 2479 1168 2535 passagiis,
1200 2496 1279 2536 per
1303 2496 1387 2536 que
1413 2497 1485 2520 eos
1508 2496 1604 2520 cum
1632 2481 1747 2521 sesti-

268 2544 443 2585 uatione
466 2546 653 2586 transire
671 2547 917 2602 oportebat,
943 2548 1168 2604 oppressis
1187 2547 1249 2588 vel
1269 2548 1507 2589 submersis
1533 2548 1597 2589 vel
1619 2548 1746 2589 suffo-

312 2693 333 2721 1.
364 2706 375 2721 (ι
398 2692 547 2723 Smiusso
617 2694 661 2721 vi(-
675 2694 760 2723 dane
784 2695 812 2723 le.
830 2706 891 2724 ms.
913 2695 953 2726 d(-
969 2696 1066 2725 (lund
1085 2699 1116 2725 ot
1130 2695 1203 2725 l'ed.
1226 2695 1266 2724 de
1286 2696 1498 2735 Humbourg.
1518 2696 1748 2741 Lappa-uberg

266 2744 413 2781 proposc
435 2746 448 2765 (ι
464 2735 586 2770 lusi-'sc
608 2749 620 2762 ι»
637 2736 691 2777 «μή
713 2736 891 2772 ‹lorium-ait
913 2739 1087 2783 peut-etro
1106 2748 1148 2772 uu
1169 2748 1246 2768 scus
1272 2737 1476 2782 preferable.
