1856 2963
122 185 202 217 1304
623 185 820 216 ANNALES
846 185 1102 216 GANDENSES
1566 187 1603 218 79

123 263 494 305 certituclinaliter
516 263 806 313 affirmabant,
832 263 996 304 dictum
1023 272 1173 320 caput,
1209 263 1326 320 quod
1354 263 1604 321 diligentis-

125 331 233 373 sime
258 340 300 373 et
330 331 384 373 de
409 347 548 389 prope
581 331 894 378 intuebantur,
931 346 1168 388 numquam
1196 331 1331 373 fuisse
1358 332 1602 384 Wilhelmi,

125 400 202 441 sed
241 399 467 456 cujusdam
519 399 735 456 capellani
772 398 826 439 de
867 398 1097 449 Gandavo,
1150 399 1233 440 sibi
1288 399 1605 456 aliquantulum

125 466 296 517 similis,
326 466 401 524 qui
429 466 473 508 in
501 466 618 508 bello
650 466 816 508 corruit
849 474 891 507 et
913 482 1041 523 quem
1077 482 1158 524 ego
1184 467 1297 508 bene
1330 468 1444 508 novi.
1479 469 1608 509 Dice-

124 535 253 576 batur
283 535 411 576 etiam
443 543 597 592 postea
638 535 727 576 fere
759 550 837 590 per
874 533 982 575 duos
1021 550 1214 585 menses,
1251 534 1358 576 inita
1388 536 1476 592 jam
1502 552 1609 593 pace

124 603 238 644 inter
266 619 414 661 regem
435 611 476 643 et
502 602 771 660 Flamingos,
801 618 960 658 corpus
977 603 1089 658 erS,
1119 602 1394 644 solummodo
1415 604 1609 645 abscissa

124 686 209 712 una
232 686 377 720 manu,
399 670 533 712 fuisse
557 671 780 712 inventum
804 677 847 711 et
866 669 908 710 in
926 669 1205 719 Feline57ubi
1229 671 1354 712 multi
1370 671 1423 712 de
1445 688 1608 730 cogna-

123 739 244 780 tione
295 755 370 780 sua
415 739 574 796 sepulti
619 740 785 795 jacent,
831 738 965 779 fuisse
1004 737 1240 794 sepultum.
1285 739 1412 791 Quod
1448 756 1609 797 corpus

126 806 249 847 multi
272 806 459 848 credunt
481 823 565 848 non
591 807 722 847 fuisse
747 822 893 855 suum,
927 806 1038 846 sicut
1070 821 1148 846 nec
1174 822 1333 863 corpus
1363 808 1607 863 quoddam,

127 875 243 931 quod
272 875 326 915 de
363 875 480 916 bello
525 873 805 916 Curtracensi
841 890 862 914 a
907 873 1113 932 garsione
1151 874 1338 930 quodam
1388 876 1610 917 comitisse

129 942 325 985 Hauonie
354 959 434 1000 pro
469 959 652 1001 corpore
691 941 767 983 filii
801 941 883 993 sui,
929 942 1138 983 Johannis
1169 943 1263 984 sine
1299 943 1485 1000 pictate,
1534 944 1613 985 suit

127 1011 423 1068 deportatum.

189 1080 462 1120 Corruerunt
491 1080 620 1121 etiam
658 1079 711 1119 dc
743 1078 937 1119 exercitu
967 1078 1226 1120 Flandrensi
1257 1078 1431 1120 circiter
1462 1079 1613 1121 (leccm

129 1147 195 1188 vel
219 1147 424 1188 undecim
449 1147 631 1197 milites;
662 1146 821 1203 reliqui
850 1155 974 1187 crant
1001 1146 1207 1203 armigeri
1233 1147 1299 1188 vel
1325 1147 1481 1189 divites
1511 1149 1613 1189 bur-

129 1216 334 1273 gensesl,
375 1215 636 1265 mechanici,
672 1223 995 1255 commorantes
1039 1202 1082 1255 in
1128 1214 1259 1265 villis,
1307 1216 1372 1256 vel
1415 1215 1613 1257 homines

130 1284 311 1325 rurales.
338 1286 446 1326 Fere
470 1283 609 1325 media
631 1300 731 1339 pars
749 1283 1095 1340 fflamingorum,
1124 1291 1210 1324 tam
1234 1300 1400 1335 eorum,
1421 1285 1492 1341 qui
1518 1301 1613 1326 cum

130 1352 328 1394 ,lohanne
366 1360 666 1401 recesserunt,
698 1367 825 1408 quam
867 1367 1041 1401 eorum,
1085 1351 1157 1408 qui
1201 1368 1346 1409 regem
1383 1352 1613 1408 fugarunt,

130 1419 345 1461 vulnerati
369 1428 469 1461 sunt
484 1419 550 1461 vel
573 1419 764 1477 graviter
784 1419 878 1459 lesi.
906 1420 968 1460 De
988 1418 1183 1460 exercitu
1206 1436 1305 1460 vero
1329 1420 1445 1477 regis
1467 1420 1616 1478 plures

132 1504 259 1545 quam
291 1504 443 1528 novem
471 1487 605 1528 millia
632 1495 895 1528 corruerunt
920 1486 1052 1527 occisi
1083 1486 1147 1527 vcl
1172 1487 1462 1544 oppressione
1489 1488 1616 1529 suffo-

132 1556 233 1606 cati,
264 1557 378 1597 inter
406 1572 516 1613 quos
547 1556 627 1596 fuit
652 1555 889 1612 precipuus
916 1556 1155 1605 Johannes,
1188 1558 1321 1596 lrater
1355 1556 1479 1597 ducis
1514 1559 1617 1597 Bur-

132 1624 324 1682 gunclie‘3
359 1633 400 1665 et
431 1625 556 1681 Hugo
585 1624 638 1665 de
674 1623 911 1672 Boanum,
943 1639 1137 1663 summus
1167 1624 1446 1665 consiliarius
1476 1624 1616 1683 regis,

133 1693 208 1749 qui
237 1708 333 1733 cum
364 1692 516 1748 majori
539 1708 697 1749 pompa
724 1701 765 1732 ct
792 1691 1039 1732 comitativa
1069 1691 1274 1732 incedere
1304 1692 1471 1733 solebat
1496 1719 1552 1723 ———
1579 1702 1621 1733 et

134 1761 263 1801 etiam
297 1760 375 1801 fuit
412 1761 454 1801 in
487 1759 606 1801 dicto
649 1759 837 1800 l)ello—-
864 1775 992 1816 quam
1029 1759 1151 1799 multi
1194 1761 1376 1801 comites
1417 1761 1617 1802 Francie.

134 1828 292 1870 Amisit
323 1844 398 1869 rex
429 1829 558 1869 etiam
588 1827 764 1869 circiter
803 1828 977 1869 ‚XVIIL
1010 1828 1196 1868 barones
1221 1828 1393 1869 nobiles
1419 1838 1460 1869 et
1482 1838 1620 1870 terra-

136 1913 228 1937 rum
254 1897 476 1954 principes
511 1895 554 1936 in
593 1896 711 1936 dicto
740 1895 828 1945 die,
864 1903 905 1936 et
944 1895 1103 1936 milites
1141 1896 1228 1936 fere
1263 1897 1430 1947 ,CCC.;
1463 1896 1619 1954 reliqui

136 1965 341 2021 armigeri
364 1972 488 2005 erant
515 1973 555 2004 et
585 1965 829 2021 burgenses
860 1980 907 2004 ac
931 1963 1132 2022 vulgares
1156 1964 1345 2021 pedites
1373 1967 1435 2006 De
1459 1966 1620 2022 stipen-

136 2032 287 2074 diariis
316 2041 459 2073 autem
502 2032 617 2089 regis
656 2031 781 2088 pauci
819 2031 976 2072 mortui
1020 2040 1136 2082 sunt,
1177 2032 1275 2089 qnia
1313 2034 1450 2089 magis
1486 2033 1621 2090 prede

138 2117 264 2158 quam
290 2100 472 2141 victorie
500 2099 807 2140 intendebant.

197 2168 398 2209 Crastina
421 2167 568 2225 itaque
597 2167 667 2208 die
697 2177 796 2224 post
825 2168 941 2208 diem
974 2168 1173 2224 predicte
1206 2168 1430 2209 horribilis
1456 2168 1617 2218 cladis,

139 2236 307 2278 scilicet
348 2236 451 2277 seria
500 2237 587 2279 JV.
606 2236 642 2285 4,
694 2236 914 2276 Johannes
962 2237 1272 2276 Namurcensis
1320 2245 1361 2276 et
1403 2238 1621 2278 Robertus

138 2304 422 2346 Nivcrnensis
450 2320 545 2345 cum
572 2312 664 2344 toto
693 2303 887 2344 exercitu
912 2303 1117 2344 Flandrie
1142 2304 1475 2361 FlamingantiS,
1498 2305 1622 2346 amis-

187 2498 208 2526 1.
238 2498 279 2527 Le
297 2508 359 2526 ms,
379 2496 419 2526 de
442 2496 536 2527 Gand
558 2502 587 2527 et
610 2496 685 2526 l'c-(l.
707 2496 746 2525 de
770 2496 972 2535 llambourg
992 2501 1127 2536 portent
1144 2508 1160 2525 (ι
1178 2496 1374 2537 Brugenses
1396 2510 1421 2532 xv,
1441 2498 1526 2527 mais
1542 2498 1564 2527 il
1585 2510 1623 2528 nc

143 2541 215 2569 faut
237 2550 298 2578 pas
315 2538 442 2568 hesiter
463 2541 480 2567 a
499 2538 561 2567 lire
582 2550 594 2567 (t
617 2538 806 2577 burgenses
827 2550 853 2567 υ.
958 2535 963 2536 ’

182 2582 211 2609 ’2.
237 2581 328 2609 Nous
351 2591 390 2609 ne
409 2580 568 2609 sachionr·
597 2591 659 2619 pas
683 2580 785 2619 qu'un
814 2581 900 2608 fri-rc
926 2579 968 2608 (lu
995 2579 1058 2608 (luc
1083 2579 1122 2608 dc
1148 2580 1354 2620 Bourgogne
1379 2581 1423 2610 ait
1447 2583 1497 2610 oid
1526 2584 1581 2610 tue
1606 2584 1621 2609 a

143 2621 464 2651 Mons-cn-Pevele:
484 2621 514 2650 le
531 2621 689 2650 minoritc
703 2621 849 2650 confond
870 2632 949 2649 sans
965 2621 1066 2650 doute
1084 2631 1166 2650 avec
1184 2621 1280 2655 Jean,
1295 2626 1404 2652 comte
1423 2622 1462 2652 de
1481 2622 1625 2652 Chalon-

141 2665 303 2697 Auxerre,
322 2663 496 2692 chevalier
510 2662 550 2692 de
567 2663 598 2691 la
617 2664 727 2691 comte
745 2662 785 2691 (le
806 2663 1020 2701 Boni-gogne.

184 2706 213 2734 3.
240 2705 282 2734 Le
302 2715 364 2734 ms,
385 2703 426 2732 de
444 2704 541 2734 Gand
561 2707 592 2733 et
609 2704 685 2734 l’cd.
706 2704 745 2733 de
768 2703 971 2743 llambourg
987 2708 1124 2743 portent
1140 2715 1153 2732 (v
1175 2704 1333 2733 Bonvilla
1357 2718 1382 2733 ν),

185 2747 211 2775 si.
241 2746 282 2775 Lc
306 2746 339 2775 19
358 2747 438 2775 nont
462 2746 549 2775 t304.
