1856 2963
152 203 232 233 1310
652 200 849 231 ANNALES
874 199 1133 230 GANDENSES
1582 201 1635 230 101

149 281 330 329 habere,
357 295 408 320 eo
436 278 555 336 quod
577 286 739 319 terram
773 293 894 318 suam
928 276 1047 318 exire
1080 277 1133 318 ad
1170 278 1456 335 pugnandum
1485 287 1635 319 contra

152 347 446 390 Flandrenses
474 346 725 395 noluerunt,
764 345 842 387 sed
871 345 1009 386 solum
1047 346 1185 402 ipsam
1219 346 1478 395 deffendere,
1511 346 1545 386 si
1585 347 1638 386 ab

152 415 214 457 eis
256 414 590 464 invaderentur3
640 414 740 471 quia
785 429 932 455 comes
980 414 1201 454 Robertus
1240 414 1465 470 copiosum
1509 414 1638 455 etiam

149 484 303 525 habuit
336 482 575 524 exercitum
610 498 740 539 supra
776 482 900 522 littus
933 481 1063 522 maris
1098 489 1140 522 et
1179 498 1308 522 naves
1343 481 1554 539 plurimas
1586 481 1638 522 ad

148 550 444 593 invadendum
479 550 733 591 Zelandiam
761 558 803 590 et
830 548 1126 598 Hollandiam,
1159 549 1194 590 si
1224 549 1462 590 bellatores
1491 565 1638 591 earum

150 620 345 661 exissent
361 627 522 659 terram
538 634 676 659 suam.
702 617 870 661 Videns
892 617 1039 673 itaque
1062 617 1330 660 Wilhelmus
1346 627 1431 658 tam
1461 617 1640 658 validis-

149 687 307 729 simum
331 695 374 728 et
404 685 633 743 copiosum
675 694 717 726 et
739 685 903 742 optime
930 692 1143 725 armatum
1173 685 1412 726 exercitum
1436 685 1640 726 adversa-

151 757 315 797 riorum
344 754 559 812 peditum,
585 762 628 794 et
655 753 885 794 maximam
912 751 1239 793 multitudinem
1269 753 1482 810 equitum,
1511 769 1638 810 quam

150 823 203 864 de
232 823 414 865 Francia
453 822 729 863 adduxerant
762 820 1011 862 Ludovicus
1045 820 1359 871 Nivernensis,
1397 831 1439 862 et
1468 837 1637 870 comeS‚

151 901 192 932 et
229 892 362 932 frater
403 906 529 947 suuS‚
573 898 616 931 et
661 889 714 930 de
764 888 966 930 Picardia
1007 888 1293 939 wilhelmus,
1332 889 1536 930 dominus
1586 889 1640 930 de

150 959 339 1017 Nigella,
365 959 498 1000 frater
517 956 691 999 comitis
723 957 922 1007 Roberti,
954 965 994 997 et
1022 957 1245 998 Johannes
1274 957 1328 998 de
1357 957 1539 1007 Fienes,
1565 957 1640 1014 qui

151 1027 304 1068 habuit
326 1042 522 1068 sororem
557 1026 772 1082 ipsorum,
807 1033 849 1066 et
879 1041 1009 1082 quam
1037 1025 1092 1066 de
1126 1025 1332 1066 Flaudria
1365 1033 1641 1066 contraxerat

151 1113 297 1138 comes
331 1095 550 1138 Robertus
579 1093 796 1135 nobilium
830 1094 1016 1135 militum
1045 1102 1088 1135 et
1121 1095 1440 1152 armigerorum
1468 1104 1510 1135 et
1537 1095 1642 1136 bur-

150 1164 352 1223 gensium
377 1162 687 1211 Liliardorum‚
714 1163 787 1220 qui
811 1161 854 1202 in
884 1162 1110 1219 preteritis
1133 1162 1307 1220 guerris
1338 1163 1512 1204 fuerant
1543 1179 1639 1203 cum

151 1248 276 1290 rege,
309 1231 385 1272 sed
413 1230 543 1271 modo
572 1231 706 1271 corde
730 1246 826 1271 cum
855 1231 1031 1280 comite,
1051 1256 1109 1261 -—
1137 1238 1224 1271 tam
1252 1230 1501 1287 propinqua
1525 1230 1638 1271 enim

150 1309 276 1341 erant
298 1308 439 1341 castra
468 1299 667 1348 hostilia,
701 1298 818 1355 quod
851 1298 1071 1339 exercitus
1102 1298 1298 1339 Hanonie
1323 1299 1377 1339 de
1400 1299 1640 1340 monticulo

151 1369 340 1425 quodam
370 1368 481 1408 bene
511 1366 750 1407 exercitum
776 1366 1093 1407 Flandrensem
1126 1366 1169 1407 in
1199 1367 1386 1423 quadam
1422 1367 1487 1407 sui
1517 1383 1641 1408 mon-

152 1437 362 1477 stratione
390 1435 457 1476 vel
493 1435 791 1476 ostentatione
825 1443 867 1475 et
893 1433 1084 1475 acierum
1120 1434 1424 1483 ordinatione,
1454 1434 1556 1476 dum
1598 1434 1641 1476 in

151 1503 271 1545 brevi
295 1503 459 1544 bellum
485 1503 648 1543 habere
676 1502 903 1553 credebat,
928 1502 1078 1543 videre
1100 1511 1288 1559 poterat,
1315 1528 1369 1534 —
1399 1503 1502 1544 licet
1526 1511 1643 1545 esset

150 1572 299 1613 valens
330 1571 453 1611 miles
485 1570 629 1611 dictus
667 1570 957 1620 NVMoelmus,
989 1571 1218 1630 pertimuit
1242 1570 1429 1621 bellum,
1458 1587 1641 1628 exspec-

150 1649 241 1681 tare
271 1655 355 1680 non
380 1639 571 1686 audens3
609 1648 650 1679 et
691 1638 806 1687 ideo,
845 1639 1080 1696 agentibus
1107 1638 1306 1680 Johanne
1327 1640 1637 1685 Namurcensi,

152 1709 283 1749 fratre
323 1707 496 1748 comitis
527 1706 709 1748 Roberti
757 1715 799 1747 et
839 1715 1028 1764 cognato
1058 1706 1310 1757 wilhelmi,
1345 1715 1386 1747 et
1421 1707 1637 1757 Gerardo,

151 1776 330 1817 domino
374 1775 428 1816 de
466 1775 751 1832 Zotteghem,
793 1774 1042 1831 quondaml
1102 1774 1342 1815 castellano
1387 1775 1637 1820 Gamlcnsi,

152 1844 469 1885 mediatoribus
498 1852 540 1883 et
575 1859 671 1884 cum
708 1842 843 1884 multo
878 1843 1027 1883 labore
1067 1843 1442 1884 concordantibus
1474 1853 1637 1901 partes,

151 1911 294 1953 dictus
309 1911 574 1956 Vx'ilhelmus
593 1927 689 1953 cum
708 1911 859 1967 pulcra
878 1910 1126 1951 comitativa
1145 1910 1358 1967 equitum,
1377 1911 1471 1952 sine
1490 1911 1637 1962 armis,

151 1979 204 2020 ad
235 1980 436 2020 comitem
474 1980 716 2021 Robertum
748 1979 789 2019 in
817 1978 906 2019 suis
935 1978 1091 2019 castris
1121 1978 1307 2035 supplex
1328 1978 1467 2029 venit,
1498 1995 1638 2036 genua

151 2046 286 2096 flexit,
336 2063 487 2103 pacem
540 2046 694 2104 petiit,
738 2046 913 2086 fidelem
955 2045 1190 2086 amicitiam
1240 2046 1459 2102 promisit,
1512 2047 1640 2103 cique

152 2116 403 2172 homagium
439 2115 491 2156 de
530 2115 687 2156 insulis
727 2114 935 2155 Zelandie
971 2113 1087 2163 fecit,
1124 2129 1169 2154 ea
1206 2114 1483 2159 conditione,
1521 2115 1637 2172 quod

151 2183 345 2224 Guidoni
385 2182 671 2224 Namurcensi
727 2182 780 2223 (le
826 2191 888 2222 tot
935 2181 1203 2232 redditibus,
1242 2192 1453 2239 quantum
1496 2183 1638 2224 insule

150 2251 309 2295 valent,
341 2251 406 2291 vel
439 2252 492 2292 de
527 2250 804 2307 equivalente
838 2258 953 2290 terra
993 2249 1267 2291 satisfaceret
1299 2259 1341 2291 et
1366 2251 1634 2307 provideret.

152 2319 403 2376 Spopondit
428 2320 558 2359 etiam
587 2335 667 2376 pro
703 2334 747 2359 se
785 2326 827 2359 et
853 2319 942 2358 suis
967 2317 1223 2368 heredibus,
1253 2318 1370 2374 quod
1402 2334 1636 2376 numquam

149 2395 311 2428 terram
356 2387 561 2428 Flandrie
602 2387 713 2428 ultra
766 2386 983 2435 Scaldim,
1023 2394 1065 2426 et
1111 2402 1189 2426 nec
1238 2395 1399 2427 terram
1442 2391 1640 2439 Quatuor

152 2454 425 2505 Officiorum,
453 2471 560 2512 quas
588 2471 734 2496 comcs
762 2455 983 2495 Robcrtus
1012 2462 1054 2494 et
1080 2462 1205 2510 pater
1227 2470 1329 2495 suus
1359 2470 1378 2494 a
1409 2471 1513 2511 rege
1536 2455 1638 2496 Ale-

151 2523 326 2563 mannie
358 2532 614 2569 tenuerant,
653 2531 694 2563 et
727 2531 852 2579 pater
888 2521 1114 2564 wilhelmi
1155 2530 1196 2561 et
1237 2523 1388 2567 avus‘3,
1434 2523 1637 2563 omnibus

192 2679 218 2707 1.
246 2678 322 2708 Ge'r.
339 2679 379 2707 de
399 2679 573 2715 Sottegem
590 2680 680 2708 avait
708 2681 914 2708 reccmlnent
938 2677 1018 2706 vods*
1037 2687 1078 2704 au
1099 2682 1210 2707 comte
1232 2678 1272 2707 de
1291 2679 1434 2708 Flanilr(¹
1456 2690 1508 2707 ses
1529 2679 1638 2707 (li-oits

152 2730 210 2748 sur
227 2720 258 2748 la
274 2720 480 2749 chatellenie
499 2721 539 2749 de
555 2721 664 2750 Grand.

192 2762 219 2790 2.
247 2761 290 2790 Le
313 2772 374 2791 ms.
402 2761 442 2791 de
458 2761 554 2791 Gand
581 2767 678 2802 porte
705 2773 709 2791 :
738 2773 751 2789 (ι
775 2766 806 2790 et
831 2764 929 2801 pater
955 2761 1167 2793 wilhelmi...
1189 2772 1221 2796 »ς
1243 2761 1317 2791 l'cd,
1342 2762 1382 2790 ‹le
1405 2762 1608 2801 {hombourg
1631 2772 1635 2790 :
