1856 2963
160 199 240 231 1304
662 198 859 229 ANNALEs
884 184 1141 229 GANDENsEs
1605 187 1644 231 εὴ

157 286 250 318 erat
276 278 412 333 major
435 275 572 318 virtus
601 275 884 326 bellatorum,
926 284 968 316 et
999 275 1042 316 in
1072 275 1255 317 navibus
1277 275 1523 318 minoribus
1554 293 1643 318 me-

158 345 240 386 lius
269 360 398 402 quam
421 345 572 385 hostes
589 352 681 384 erat
702 342 930 401 provisus3
955 368 1012 374 —
1033 342 1164 384 tertio
1186 343 1231 384 in
1256 345 1355 393 hoc,
1384 344 1519 401 quod,
1547 361 1644 386 cum

160 413 276 454 bello
298 411 459 454 amisso
482 411 634 470 Fugere
656 410 892 469 potuisset,
924 426 1010 452 non
1035 410 1168 469 sugit3
1200 419 1374 468 poterat
1399 411 1516 453 enim
1544 429 1646 469 pre-

159 480 299 522 sentia
328 497 403 521 sua
437 479 651 521 exercitui
691 478 972 530 Flandrensi,
1015 488 1058 520 et
1099 479 1218 520 brevi
1254 488 1408 536 postea
1446 488 1646 537 tempore

160 564 256 590 cum
286 564 389 607 rege
417 547 581 589 bellum
610 547 925 597 commissuro,
953 545 998 587 in
1029 546 1176 588 multis
1203 547 1422 603 profuisse
1449 557 1490 589 et
1516 548 1646 589 etiam

159 615 204 657 in
230 616 373 657 insula
412 615 661 658 Scoudensi
686 615 1037 664 remanentibus,
1077 614 1151 672 qui
1187 624 1312 656 erant
1348 615 1478 657 electi
1510 616 1647 658 bella-

159 692 294 735 tores,
324 683 613 726 succurrisse.
644 685 746 727 Non
771 683 833 724 sic
853 683 943 741 egit
961 682 1102 724 victor
1127 684 1266 734 orbis,
1297 684 1466 740 primus
1494 686 1646 726 Roma-

161 768 316 794 norum
346 752 587 809 imperator
617 751 756 793 Julius
795 751 929 793 Gaius
974 751 1129 801 Cesar,
1161 751 1235 808 qui
1266 751 1332 792 bis
1370 768 1391 793 a
1430 753 1646 794 Cassivel-

160 820 308 871 launo,
334 819 511 877 majoris
533 819 762 860 Britannie
789 835 909 876 rege,
941 827 984 860 et
1007 818 1263 860 Britonibus
1284 820 1425 861 victus
1454 830 1496 862 et
1524 821 1647 879 fuga-

160 896 247 939 tus,
284 904 373 929 non
395 904 440 928 se
470 887 567 944 capi
589 887 807 944 permisit,
840 886 916 927 sed
952 886 1083 927 tertio
1115 886 1293 929 rediens
1330 904 1410 945 per
1441 904 1573 940 mare,
1606 898 1649 931 et

162 955 328 998 dictum
369 971 518 1014 regem
561 971 658 996 cum
713 954 971 996 Britonibus
1013 971 1240 1012 superans,
1298 955 1419 1013 ipsos
1460 956 1647 1014 imperio

162 1025 460 1066 Romanorum
501 1024 768 1080 subjugavit.
814 1022 1154 1080 Magnanimitas
1198 1040 1302 1081 ergo
1350 1023 1569 1066 Guidonis
1608 1034 1649 1066 et

160 1091 437 1143 animositas,
466 1090 679 1132 fortitudo
714 1099 757 1132 et
783 1090 1056 1147 pulcritudo,
1088 1091 1324 1148 prudentia
1356 1108 1442 1134 non
1475 1102 1644 1145 ornate,

162 1160 373 1201 informes
397 1159 439 1200 in
469 1175 519 1200 eo
543 1168 667 1200 erant
688 1168 729 1199 et
753 1159 979 1200 indecore.

222 1230 373 1285 Itaque
411 1235 592 1269 eventus
628 1226 780 1268 infelix
807 1226 1025 1268 (luidonis
1060 1226 1275 1269 letificans
1313 1237 1354 1269 et
1382 1230 1648 1271 contristans

161 1297 358 1339 velocius
396 1305 436 1336 et
470 1295 662 1336 velocius
692 1294 883 1336 inimicis
917 1297 1011 1352 ejus
1049 1296 1243 1337 innotuit
1283 1305 1326 1338 et
1361 1297 1530 1339 amicis.
1559 1301 1649 1341 Rex

164 1364 282 1406 enim
305 1373 347 1405 et
376 1363 458 1413 sui,
485 1364 559 1421 qui
584 1364 706 1420 prius
740 1379 937 1404 rumores
963 1363 1017 1404 de
1040 1380 1090 1404 eo
1121 1372 1163 1405 et
1188 1364 1240 1405 de
1264 1381 1442 1406 suorum
1468 1366 1649 1408 victoria

164 1433 207 1474 in
256 1432 463 1473 Zelandia
512 1431 771 1482 audierunt,
831 1431 1067 1488 plurimum
1115 1432 1278 1490 gavisi,
1334 1435 1570 1476 confortati
1609 1444 1650 1476 et

164 1501 482 1549 animatisunt,
511 1500 666 1540 fratres
692 1508 837 1540 autem
861 1508 903 1540 et
925 1499 1050 1540 amici
1071 1499 1306 1551 Guidouis,
1330 1502 1649 1559 aliquantulum

161 1568 329 1610 tardius
352 1568 493 1609 dictos
517 1584 715 1609 rumores
744 1568 1066 1625 intelligentes,
1091 1569 1338 1610 contristati
1364 1579 1465 1612 sunt
1493 1580 1535 1612 et
1554 1587 1649 1613 exa—

165 1637 346 1678 cerbati.
373 1636 499 1677 Unde
525 1652 598 1677 eos
620 1644 831 1692 quantum
848 1644 1053 1692 poterant
1074 1637 1285 1686 celantes,
1312 1654 1365 1678 ne
1389 1638 1431 1679 in
1456 1641 1648 1681 exercitu

166 1720 315 1746 eorum
333 1704 682 1762 divulgarentur,
702 1703 830 1745 tertia
854 1703 951 1744 dic.l
977 1713 1077 1761 post
1097 1704 1382 1746 infortunium
1413 1706 1648 1755 (luidonis,

166 1773 326 1814 acriter
348 1787 444 1813 cum
464 1772 552 1813 suis
576 1772 740 1829 paratis
764 1772 815 1812 ad
842 1771 1095 1812 bellandum
1119 1773 1330 1814 exercitui
1355 1774 1469 1831 regis
1496 1791 1651 1833 appro-

165 1840 448 1898 pinquanteS,
484 1839 654 1881 scilicet
687 1839 789 1880 feria
825 1841 977 1896 quinta
1011 1840 1231 1897 sequenti,
1267 1857 1350 1898 que
1379 1851 1471 1883 erat
1505 1842 1652 1884 idibus

165 1908 352 1966 Augusti
370 1909 401 1959 52,
443 1907 588 1965 ipsum
632 1908 685 1948 ad
732 1908 919 1965 prelium
966 1909 1280 1965 provocabant.
1326 1910 1454 1962 Quod
1496 1911 1649 1953 Franci

165 1977 382 2027 videntes,
414 1975 561 2017 statim
591 1992 635 2017 se
659 1975 712 2016 ad
735 1976 899 2017 bellum
922 1977 1152 2033 parabant,
1179 1977 1293 2018 acies
1319 1995 1417 2019 suas
1441 1979 1653 2020 ordinan-

167 2053 254 2094 tes3
291 2059 477 2100 cumque
512 2044 598 2085 duo
628 2044 811 2085 hostiles
844 2045 1061 2085 exercitus
1092 2044 1154 2086 sic
1184 2045 1378 2087 ordinati
1413 2048 1456 2088 in
1485 2056 1653 2089 tantum

167 2120 314 2153 essent
336 2112 591 2168 propinqui,
624 2112 741 2168 quod
770 2111 986 2153 balistarii
1010 2112 1139 2154 unius
1168 2115 1387 2155 exercitus
1414 2115 1456 2155 in
1482 2116 1655 2173 opposi-

170 2185 258 2221 tum
297 2196 370 2220 sua
419 2180 587 2236 spicula
631 2189 837 2237 poterant
869 2180 1080 2237 jaculari,
1131 2190 1174 2222 et
1205 2182 1288 2222 hoc
1328 2199 1437 2240 opus
1476 2182 1652 2241 quidam

168 2247 382 2288 balistarii
406 2247 763 2296 Flandrensium,
786 2248 1135 2290 desiderantium
1154 2249 1334 2293 bellum,
1355 2251 1652 2308 incepissent:

171 2332 245 2356 rex
279 2324 322 2356 et
347 2315 589 2356 consiliarii
619 2317 684 2357 sui
716 2316 836 2367 dolo,
863 2332 948 2373 quo
984 2326 1110 2368 sunt,
1152 2319 1274 2373 quasi
1308 2319 1572 2362 mediatores
1604 2321 1657 2362 ad

170 2383 395 2441 principes
434 2383 774 2426 Flandrensium
803 2384 1000 2436 mittunt,
1030 2394 1234 2443 rogantes
1258 2386 1507 2429 balistarios
1526 2389 1658 2430 Flam-³

171 2451 372 2502 drenses,
401 2452 518 2508 quod
554 2452 775 2494 modicum
810 2462 1133 2510 exspectarent,
1166 2453 1401 2496 innuentes
1431 2473 1475 2497 sc
1510 2457 1657 2498 venire

171 2519 224 2560 ad
249 2519 527 2560 tractandum
554 2520 607 2561 (le
631 2536 752 2577 pace,
782 2522 1129 2578 quesieruntque
1157 2523 1209 2562 ab
1233 2521 1340 2579 ipsis
1360 2524 1655 2582 principibus,

214 2676 238 2704 1.
267 2675 497 2715 Lappenbcrg
542 2685 777 2717 aceompagne
806 2688 860 2706 ces
892 2681 980 2706 mois
1010 2677 1050 2707 de
1081 2678 1113 2706 la
1158 2683 1235 2708 note
1261 2680 1417 2710 suivante
1454 2707 1457 2709 .
1502 2694 1514 2709 «r
1551 2683 1659 2712 Immo

173 2717 385 2788 segunldahni
406 2719 490 2787 {orte
509 2718 742 2748 Romanorum
760 2729 853 2748 more
872 2719 987 2758 ipsum
1007 2719 1185 2749 infortunii
1204 2720 1294 2750 diem
1313 2723 1466 2762 primum
1485 2723 1570 2753 dixit
1589 2736 1616 2753 ».

214 2765 243 2787 ἱ..
291 2769 345 2788 ου’
362 2758 381 2790 ἰ,
424 2761 440 2787 3
454 2761 532 2788 aoi'it
556 2760 642 2789 1304.
