1856 2963
133 209 210 240 1301
635 205 831 237 ANNALES
857 205 1112 237 GANDENSES
1584 205 1620 236 17

136 287 190 329 de
223 285 428 327 omnibus
463 293 646 327 starent.
680 283 875 342 Ingressi
912 283 1049 341 igitur
1083 299 1229 324 comes
1271 291 1314 323 et
1346 283 1480 323 frater
1519 298 1622 324 suus

136 354 298 404 villam,
317 353 554 394 vindictam
575 353 778 393 acerbam
800 367 1006 393 exercere
1029 367 1115 392 non
1137 359 1238 391 sunt
1254 349 1364 402 ausi,
1384 350 1460 391 sed
1481 349 1624 406 primo

137 422 402 479 prudenter,
451 429 497 462 ut
539 420 601 462 eis
643 419 898 470 videbatur,
947 428 1091 460 turres
1138 418 1334 476 lapideas
1387 427 1430 459 et
1475 427 1624 475 portas

138 490 348 546 quasdam
372 489 568 530 fecerunt
590 488 774 539 destrui,
800 496 944 529 turres
968 486 1156 545 ligneas,
1186 486 1453 528 munitiones
1473 502 1625 527 omnes

139 559 182 599 in
213 558 422 599 fossatum
457 556 590 613 dejici
621 556 855 614 ipsumque
890 555 1065 611 impleri
1098 555 1282 605 alicubi,
1320 562 1363 596 et
1391 570 1623 613 aggerem,

141 624 215 683 qui
250 625 396 667 villam
436 625 668 681 cingebat,
708 625 751 665 in
791 624 1013 681 aliquibus
1049 623 1158 664 locis
1197 622 1374 664 confodi
1407 631 1450 663 et
1483 621 1622 672 dirui,

142 693 339 735 dicentes
362 703 405 735 et
422 693 689 749 judicantes,
709 708 862 733 omnes
885 691 1113 733 libertates
1134 699 1177 732 et
1194 690 1367 732 nobiles
1391 698 1628 732 consuetu-

142 761 269 802 dines
298 771 543 818 cunctaque
565 759 810 818 privilegia,
837 776 858 801 a
884 759 1063 816 regibus
1088 758 1274 801 Franeie
1298 759 1364 799 vel
1393 758 1629 800 comitibus

141 829 366 879 Flandrie,
400 829 500 870 ville
535 845 767 878 concessa,
806 828 895 869 fore
927 844 1005 884 per
1029 827 1191 869 dictam
1216 843 1407 884 pugnam
1442 826 1629 881 amissa3

144 897 261 954 quod
285 897 451 938 dictum
478 905 519 937 et
542 896 758 953 judicium
782 905 869 937 tam
897 897 1083 952 majores
1107 911 1236 953 quam
1267 895 1458 936 minores
1487 894 1630 953 gravi-

144 973 211 1006 ter
235 974 516 1022 acceperunt.
544 964 670 1006 Unde
693 964 746 1005 de
772 965 868 1021 ipso
891 964 1036 1005 hieme
1060 963 1262 1020 sequenti
1288 964 1402 1004 inter
1426 962 1631 1004 comitem

145 1034 311 1075 dictum
338 1043 379 1074 et
406 1033 583 1074 fratrem
608 1049 731 1074 suum
759 1041 802 1073 et
822 1032 967 1073 villain
994 1031 1038 1072 in
1064 1031 1182 1072 curia
1213 1030 1328 1089 regis
1357 1030 1410 1071 lis
1433 1040 1525 1072 orta
1548 1039 1629 1071 est.

205 1102 329 1143 Circa
347 1101 478 1142 finem
495 1102 662 1151 estatis,
685 1100 828 1142 dictus
847 1116 993 1141 comes
1011 1099 1053 1141 in
1074 1099 1303 1140 Franciam
1327 1116 1527 1140 reversus
1549 1107 1631 1148 est,

148 1170 278 1211 fratre
307 1186 412 1220 suo,
444 1170 555 1210 sicut
588 1169 732 1226 prius,
765 1169 962 1225 prefecto
988 1167 1196 1209 Flandrie
1229 1167 1406 1216 relicto,
1442 1166 1515 1224 qui
1550 1167 1633 1207 isto

146 1254 259 1279 anno
288 1246 330 1277 et
358 1236 616 1294 precedenti
647 1236 732 1277 duo
766 1235 1003 1277 fortissima
1038 1235 1215 1276 castella
1244 1244 1285 1275 et
1314 1234 1507 1291 presidia
1537 1250 1631 1275 cuin

147 1305 332 1362 pecunia
358 1305 475 1363 regis
502 1305 686 1346 Francie
714 1305 815 1345 fecit
838 1304 946 1354 lieri,
980 1320 1114 1345 unum
1139 1303 1183 1344 in
1207 1303 1351 1344 Insula
1383 1311 1425 1343 et
1451 1302 1636 1343 alterum

148 1373 189 1413 in
232 1374 460 1414 Curtraco.
503 1372 672 1429 Incepit
715 1372 846 1413 etiam
887 1388 1020 1413 unum
1068 1372 1110 1412 in
1152 1371 1336 1429 Brugis,
1385 1371 1504 1427 quod
1550 1386 1637 1411 non

150 1441 352 1498 perfecit.

209 1509 360 1549 llicme
384 1508 585 1565 sequenti
606 1509 632 1558 ¹,
661 1508 882 1549 Johannes
905 1524 1051 1548 comes
1078 1506 1389 1549 Nanlurcensis
1407 1515 1450 1548 et
1472 1506 1634 1557 Guido,

152 1578 283 1618 frater
309 1578 424 1633 ejus,
462 1577 538 1617 filii
565 1576 762 1620 comitis,
797 1593 894 1617 cum
924 1576 1165 1620 XVilhelmo
1188 1574 1449 1622 Juliacensi,
1475 1591 1638 1632 prepo-

152 1646 234 1686 sito
271 1644 564 1700 'l'rajectensi,
604 1645 692 1685 filio
725 1645 889 1685 sororis
932 1661 1030 1694 sue,
1072 1644 1176 1685 tacti
1211 1643 1366 1684 dolore
1398 1643 1544 1684 cordis
1585 1643 1638 1684 de

152 1713 349 1755 crudeli?
396 1714 647 1770 captivitate
689 1722 730 1753 et
765 1714 926 1768 injusta
965 1713 1102 1769 patris
1143 1721 1185 1753 et
1227 1712 1407 1752 fratrum
1443 1728 1637 1761 suorum,

151 1783 264 1822 sicut
289 1781 489 1822 homines
515 1780 699 1821 animosi
726 1780 966 1821 machinari
991 1789 1203 1837 ceperunt
1227 1788 1269 1820 et
1299 1779 1447 1820 abdita
1477 1779 1639 1820 habere

150 1849 350 1899 consilia,
375 1865 473 1890 cuni
498 1849 720 1906 aliquibus
749 1849 899 1890 amicis
927 1850 1016 1889 suis
1047 1848 1100 1889 de
1128 1848 1349 1891 Flandria,
1373 1856 1414 1888 et
1443 1847 1641 1888 occultos

152 1918 330 1958 nuntios
366 1926 409 1958 et
442 1917 609 1958 litteras
646 1917 818 1958 mittere
860 1919 911 1959 ad
955 1918 1123 1973 aliquos
1159 1917 1213 1957 dc
1249 1915 1641 1958 communitatibus

154 1986 357 2027 Flandrie
386 1986 614 2026 commotis
644 1994 685 2026 ct
713 1985 992 2038 disturbatis,
1018 2002 1097 2042 pro
1124 1984 1339 2025 ditissima
1368 1994 1484 2025 terra
1514 1985 1642 2040 nlajO-

157 2070 248 2094 rum
273 2070 448 2094 suorum
469 2054 784 2110 recuperanda.
806 2055 930 2096 Unde
951 2055 1065 2094 circa
1083 2053 1274 2093 medium
1291 2052 1447 2093 hiemis
1467 2054 1640 2102 Petrus,

156 2121 298 2162 dictus
340 2123 453 2169 Rex,
502 2138 598 2162 cum
647 2122 911 2179 sequacibus
958 2121 1048 2163 suis
1091 2122 1145 2163 de
1192 2120 1379 2162 consilio
1421 2120 1641 2177 ipsorum,

155 2191 324 2247 Brugas
353 2198 418 2230 est
448 2205 671 2236 reversus,
704 2199 745 2230 et
779 2190 822 2230 in
853 2198 1045 2241 tantum,
1083 2190 1198 2246 apud
1233 2198 1428 2230 textores
1463 2205 1564 2230 suos
1603 2197 1645 2229 ct

157 2257 343 2298 fullones
378 2266 419 2298 ct
449 2256 618 2314 aliquos
654 2258 762 2299 alios
798 2258 851 2299 de
889 2257 1226 2301 communitate,
1270 2266 1426 2314 potens
1462 2256 1644 2297 effectus

156 2334 221 2366 est
241 2351 298 2356 —-
318 2325 495 2366 attraxit
520 2325 636 2366 enim
660 2342 751 2375 eos,
779 2334 823 2366 ut
845 2335 938 2367 erat
969 2326 1196 2371 facundus,
1227 2325 1403 2366 mitibus
1432 2333 1471 2365 et
1502 2324 1643 2365 dulci-

158 2393 237 2434 bus
263 2394 425 2444 verbis,
442 2419 497 2424 —
516 2393 632 2449 ‹Vluod
656 2394 842 2435 ballivus
868 2396 982 2450 regis
1007 2404 1050 2435 et
1072 2395 1240 2435 scabini
1262 2402 1303 2434 et
1328 2395 1514 2449 majores
1536 2394 1647 2433 Bru-

204 2557 230 2586 1.
258 2557 317 2586 Fin
342 2558 412 2587 1:301
435 2576 470 2579 —
489 2561 576 2587 (Ὂιηι
596 2559 686 2587 1302.

201 2599 228 2627 2.
256 2599 300 2628 La
320 2598 483 2638 captivite
503 2599 542 2629 de
561 2599 625 2630 (jui
645 2600 685 2629 de
707 2600 910 2639 Dumpierre
931 2599 1045 2629 n'ſstait
1069 2611 1130 2639 pas
1151 2600 1244 2629 aussi
1271 2599 1398 2628 cmwlle
1417 2610 1482 2639 qus*
1501 2599 1530 2627 le
1552 2598 1601 2627 ‹lit
1619 2598 1649 2627 le

161 2639 332 2669 miuoritc.
367 2641 407 2669 Le
435 2641 537 2670 vieux
566 2645 676 2670 comte
703 2641 831 2670 monait
858 2643 876 2670 a
909 2641 1122 2681 Compi'egnc
1150 2652 1214 2670 une
1253 2641 1422 2669 vxistvnec
1453 2640 1645 2679 princierc.

159 2683 301 2710 eutnure
319 2681 419 2710 (l'une
437 2681 652 2711 domesticitc
671 2683 889 2717 nombreuse,
908 2694 967 2711 sur
984 2694 1026 2711 un
1046 2693 1183 2716 revenu,
1208 2686 1364 2711 inontant
1381 2685 1399 2710 a
1417 2683 1433 2710 3
1453 2692 1495 2710 ou
1515 2682 1649 2710 &OQOOO

161 2722 265 2751 livres
286 2722 419 2761 {valcur
435 2724 605 2762 actuelle),
632 2734 696 2763 que
715 2724 763 2753 lui
785 2724 901 2753 faisait
923 2724 1082 2763 Philippo
1100 2724 1129 2753 le
1149 2723 1220 2754 Bel.
1242 2723 1276 2751 V.
1302 2724 1349 2752 les
1375 2727 1530 2762 comples
1550 2722 1648 2762 publ.

163 2774 228 2803 pur
246 2764 289 2793 M.
310 2764 350 2793 de
370 2763 703 2805 Limburg-Stirum,
725 2764 851 2802 Codes,
872 2765 897 2803 I,
917 2766 1028 2795 400-1.

253 2824 522 2848 Frxcu-Busxrxxo.
539 2839 570 2842 —-
587 2825 701 2849 Annales
715 2825 873 2850 (lanalvnscs.
1568 2823 1583 2846 2
