1856 2963
184 149 222 175 ¹³⁸
691 144 887 175 ANNALES
913 143 1170 175 GANDENSES
1596 147 1672 176 1309

185 225 275 281 pria
304 224 474 264 fuerant
497 223 675 272 reversi,
703 230 746 263 et
768 221 1062 280 burgenses¹,
1093 230 1135 263 et
1165 237 1422 280 mangoneS,
1452 230 1493 263 et
1525 223 1670 264 carni-

185 293 302 341 fices,
337 300 379 332 ct
410 290 669 348 piscatores,
706 290 748 331 in
787 289 1032 347 predictam
1068 289 1250 331 formam
1284 290 1404 347 pacis
1438 290 1672 332 voluerunt

183 359 452 409 consentire,
490 374 673 416 eamque
708 357 855 416 sigillo
890 358 990 399 ville
1025 359 1307 400 concorditer
1338 357 1550 416 sigillare.
1583 359 1671 401 Sed

184 431 337 470 Petrus
378 429 483 477 Rex,
526 435 670 468 textor
710 426 955 484 quondam,
995 433 1145 482 postea
1187 426 1334 477 miles,
1373 435 1415 467 et
1447 427 1671 468 Johannes

184 498 388 540 Frennm,
414 494 623 545 carnifex,
650 503 692 535 et
713 495 936 535 Johannes
961 493 1116 544 lleine,
1141 494 1263 545 fullo,
1287 503 1329 536 et
1351 510 1501 536 eorum
1522 511 1671 552 sequa-

183 580 270 610 αρε,
297 580 394 605 cnm
417 563 621 604 omnibus
642 562 905 611 textoribus,
928 561 1169 603 fullonibus
1194 571 1235 603 et
1260 562 1485 604 rasoribus
1511 578 1672 620 panno-

183 649 293 686 rum,
328 641 369 673 et
400 631 472 672 alii
508 647 659 672 omnes
697 629 945 672 mechanici
980 629 1199 688 vulgares,
1237 630 1443 671 timentes
1482 630 1673 688 pellibus

181 701 286 749 suis,
307 726 363 731 —
380 717 430 741 eo
452 699 571 757 quod
593 697 770 756 plurimi
798 699 992 756 ipsorum
1017 697 1150 739 multa
1175 697 1301 748 mala,
1327 698 1441 740 sicut
1473 699 1516 739 in
1537 714 1670 756 guer-

183 771 241 811 ris
271 768 364 810 sieri
390 768 518 817 solet,
543 782 646 825 erga
674 782 821 824 regem
845 774 886 808 et
914 767 1106 807 Francos
1131 774 1172 806 et
1197 765 1413 807 Liliardos
1442 766 1673 807 commise-

183 846 295 887 rant,
326 863 380 868 —
406 835 743 877 considerantes
763 834 893 875 etiam
921 833 1173 891 principum
1202 841 1245 874 et
1265 833 1452 874 militum
1481 842 1524 875 et
1544 834 1674 875 nobi-

182 906 288 947 lium
311 904 630 961 armigerorum
653 911 696 944 et
720 903 931 959 majorum
954 910 996 942 et
1017 900 1226 942 ditiorum
1263 902 1305 942 in
1331 901 1445 942 villis
1468 901 1673 943 omuibus

183 975 390 1016 adversus
409 989 453 1014 se
475 970 775 1020 concordiam,
803 969 1103 1027 ponderantes
1123 969 1252 1010 etiam
1283 969 1471 1026 quedam
1493 969 1535 1010 in
1557 970 1673 1011 dicta

183 1043 328 1084 littera
348 1041 615 1097 conscripta,
645 1047 687 1080 et
715 1038 824 1079 dure
847 1037 1134 1094 accipienteS,
1165 1053 1249 1094 qne
1275 1053 1420 1094 supra,
1454 1038 1535 1079 sub
1561 1054 1674 1079 anno

190 1110 500 1162 .M.CCC.VI.‚
516 1107 659 1165 posita
682 1122 769 1147 non
787 1114 903 1155 sunt,
929 1104 1101 1146 scilicet
1119 1105 1238 1161 quod
1257 1121 1328 1146 rex
1350 1114 1500 1162 posset
1528 1104 1675 1162 inqui-

186 1196 279 1221 rere
315 1194 389 1220 eos
431 1177 506 1234 qui
540 1176 712 1217 fuerant
736 1173 1005 1231 principium
1039 1181 1081 1213 et
1113 1189 1241 1214 causa
1273 1172 1409 1214 totius
1443 1190 1601 1231 guerre
1634 1182 1676 1215 et

186 1263 385 1289 recessus
417 1254 533 1286 terre
561 1244 614 1284 ab
643 1243 756 1300 ipso,
794 1250 837 1282 et
866 1240 1040 1298 punire,
1075 1249 1116 1281 et
1147 1240 1266 1298 quod
1295 1241 1424 1282 etiam
1450 1250 1600 1298 posset
1621 1242 1675 1283 de

184 1325 300 1357 terra
361 1314 562 1370 accipere
606 1326 781 1352 omnem
825 1308 1107 1350 securitatem
1154 1324 1282 1365 quarn
1320 1309 1451 1350 vellet
1491 1335 1550 1340 —
1587 1325 1671 1367 que

183 1393 328 1425 tamen
359 1381 618 1423 securitates
649 1377 709 1419 ibi
738 1379 902 1434 scripte
932 1393 1018 1417 non
1042 1385 1189 1427 erant,
1219 1402 1277 1408 —-
1301 1393 1353 1417 ex
1376 1393 1459 1434 qua
1482 1377 1674 1418 clausula

185 1450 565 1508 conjecturabant,
593 1446 711 1505 qnod
733 1445 864 1487 vellet
887 1445 1086 1502 accipere
1110 1461 1131 1485 a
1150 1453 1267 1486 terra
1298 1445 1455 1485 multos
1477 1444 1673 1495 obsides,

184 1530 226 1562 et
255 1520 423 1561 auferre
447 1533 581 1566 arma,
612 1524 655 1556 et
677 1513 796 1572 quod
815 1513 945 1554 etiam
965 1513 1108 1553 omnia
1139 1521 1343 1554 contenta
1365 1512 1407 1553 in
1434 1512 1579 1554 littera
1602 1529 1678 1554 rex

186 1597 335 1645 posset
361 1601 536 1643 semper
558 1584 602 1625 in
624 1591 876 1641 posterum,
903 1580 1144 1621 secundum
1168 1596 1292 1621 suum
1322 1580 1673 1637 beneplacitum,

187 1665 353 1698 mutare
381 1664 422 1696 et
454 1653 700 1701 meliorare,
739 1659 781 1691 et
816 1649 935 1707 quod
964 1648 1092 1690 etiam
1125 1649 1391 1705 quicumque
1422 1648 1676 1707 Flamingo-

186 1742 281 1767 rum
318 1725 480 1766 faceret
507 1729 660 1763 contra
695 1718 839 1775 aliqua
879 1718 923 1758 in
961 1717 1107 1757 littera
1143 1725 1368 1767 contenta,
1406 1716 1551 1758 statim
1578 1718 1676 1773 ipso

185 1794 299 1835 facto
337 1800 453 1833 esset
487 1787 915 1835 exeonnmmicatus,
949 1784 1024 1825 tali
1055 1784 1528 1835 excommunicatione,
1560 1784 1677 1842 quod

187 1862 239 1902 ab
281 1877 328 1902 ea
367 1857 534 1900 absolvi
571 1871 659 1897 non
692 1862 859 1912 posset,
891 1852 977 1893 nisi
1006 1868 1026 1893 a
1052 1867 1187 1909 papa,
1219 1860 1262 1892 et
1286 1868 1366 1893 nec
1389 1868 1410 1892 a
1432 1868 1560 1909 papa,
1593 1852 1677 1893 nisi

186 1931 239 1972 ad
257 1929 373 1987 regis
394 1925 731 1984 requisitionem
745 1931 786 1963 et
799 1921 1068 1962 voluntatem
1085 1921 1123 1960 23
1154 1919 1273 1961 nullo
1297 1921 1426 1962 modo
1446 1920 1679 1962 voluerunt

187 1997 455 2045 consentire,
494 1995 580 2035 imo
615 1991 734 2040 aliis,
766 1989 937 2030 scilicet
969 1988 1269 2046 burgensibus
1295 1997 1337 2029 et
1367 1989 1674 2047 mangonibus,

189 2070 371 2111 multum
395 2064 630 2124 indignati,
663 2062 715 2103 ad
744 2077 861 2103 arma
885 2076 1063 2101 currere
1086 2068 1314 2116 ceperunt.

249 2140 349 2179 Erat
376 2151 481 2193 ergo
506 2133 637 2174 timor
659 2139 702 2172 et
722 2139 889 2171 tremor
910 2128 1119 2169 maximus
1138 2127 1180 2168 in
1209 2127 1309 2168 villa
1327 2127 1381 2168 de
1404 2127 1677 2169 ferocissimo

188 2207 305 2248 bello
334 2202 569 2255 intestino;
608 2197 859 2241 consentire
890 2197 1006 2237 enim
1040 2212 1124 2237 non
1154 2196 1351 2236 volentes
1377 2204 1501 2236 erant
1529 2196 1678 2252 plures

193 2304 1666 2322 Ν

232 2383 257 2412 1.
287 2393 299 2408 (ι
322 2381 513 2419 burgenses
533 2379 650 2406 »cette
674 2375 802 2404 lecture
823 2372 997 2411 s'impose,
1024 2371 1102 2400 bien
1128 2381 1192 2410 que
1215 2370 1245 2399 le
1273 2381 1336 2399 ωε.
1356 2369 1395 2399 de
1423 2370 1521 2400 Gand
1545 2375 1577 2399 ct
1600 2370 1676 2400 l'ed.

188 2425 228 2454 [le
249 2422 451 2459 Hamhourg
470 2422 608 2459 portent
629 2429 642 2445 a
664 2417 861 2455 Brugenses
882 2425 908 2442 n.
1658 2452 1663 2457 .

231 2467 259 2495 2.
287 2466 326 2494 Et
344 2472 465 2492 encore
493 2457 754 2499 supplieront-il
786 2456 848 2495 (les
874 2453 1073 2493 Flamnnds)
1102 2464 1120 2481 a
1151 2456 1247 2482 notre
1273 2463 1354 2492 pere
1378 2453 1408 2481 le
1432 2453 1535 2493 Pape,
1565 2464 1628 2492 que
1656 2453 1679 2481 11

190 2506 329 2536 lesdites
349 2508 525 2533 sentences
547 2500 672 2530 vneille
700 2499 905 2531 conformer,
934 2500 1055 2524 mettre
1079 2499 1111 2523 et
1129 2499 1225 2534 geter
1248 2494 1288 2523 de
1311 2494 1487 2523 s'antorite
1510 2494 1617 2534 papal
1637 2504 1677 2523 en

188 2559 247 2578 eus
265 2552 296 2577 et
315 2557 354 2576 en
372 2545 522 2574 chascnn
544 2543 583 2571 de
602 2552 661 2570 ens
682 2550 761 2569 sanz
781 2549 839 2568 eus
853 2542 906 2567 0'1'1·
919 2548 958 2565 ne
977 2537 1137 2576 appeler:
1153 2535 1348 2574 desquelles
1361 2540 1537 2565 sentences
1553 2539 1677 2569 tontes,

189 2601 246 2620 eus
289 2599 328 2617 ne
347 2588 422 2616 lenr
447 2594 660 2617 successeur,
689 2582 763 2610 leur
787 2585 907 2614 terres,
944 2578 1018 2607 leur
1050 2577 1160 2609 villos.
1194 2587 1234 2605 ne
1259 2577 1334 2606 leur
1361 2582 1611 2616 apartenances
1639 2587 1678 2605 ne

191 2614 347 2671 puisscnt
367 2633 457 2658 estre
476 2630 505 2655 el
523 2636 562 2655 ne
582 2624 692 2653 soient
712 2621 930 2658 absols‚f01·s
950 2630 968 2648 a
988 2619 1020 2648 la
1037 2622 1193 2658 requeste
1211 2617 1309 2647 dudit
1328 2623 1425 2647 notre
1442 2618 1628 2658 seingneur
1649 2618 1678 2647 le

190 2672 251 2703 noi
269 2683 311 2701 on
327 2671 367 2699 de
387 2680 447 2699 son
468 2667 699 2697 mandement.
718 2676 730 2692 υ
751 2662 867 2692 'fraite
886 2660 1029 2692 d'Athis,
1048 2660 1143 2699 publ.
1161 2670 1224 2699 par
1240 2659 1497 2690 Gilliodts-Van
1517 2661 1675 2695 Sex-eren,

188 2716 316 2744 lavent.
336 2712 393 2741 des
414 2709 572 2739 Art-laves
588 2708 628 2736 de
648 2707 679 2736 la
697 2704 773 2734 ville
792 2704 831 2733 <le
852 2705 989 2744 Bruges,
1010 2706 1033 2731 t.
1056 2702 1079 2736 Ι,
1100 2712 1132 2741 p.
1151 2703 1220 2732 285.
