1856 2963
250 140 290 168 60
754 139 951 170 ANNALES
975 140 1233 171 GANDENSES
1653 142 1733 172 1304

252 215 478 256 mittentes
515 225 809 261 recesserunt,
840 232 927 257 non
951 216 1150 258 volentes
1178 217 1244 258 vel
1276 233 1363 259 non
1391 217 1603 259 audentes
1631 235 1732 275 pre-

251 282 364 324 liari.
398 286 517 336 Quos
545 283 865 334 Flandrenses,
898 283 1163 325 introductis
1192 301 1270 342 per
1292 285 1492 343 passagia
1519 286 1732 326 vehiculis

252 359 294 392 et
330 351 511 398 castris,
551 350 761 400 insecuti,
807 360 950 392 turres
986 352 1142 393 multas
1185 352 1377 411 ligneas,
1423 369 1530 410 quas
1576 354 1733 394 Franci

252 435 384 475 super
417 419 618 476 passagia
653 419 864 470 fecerant,
902 419 1213 475 incenderunt,
1243 430 1388 462 turres
1414 420 1542 462 etiam
1565 421 1733 478 aliquas

251 486 448 543 lapideas
485 486 827 537 dextruxerunt,
866 487 1022 528 damna
1061 488 1326 544 permaxima
1371 505 1450 546 per
1480 489 1654 545 rapinas
1692 497 1732 529 et

252 554 455 596 incendia
483 563 599 595 terre
628 555 946 606 Attrebatensi,
979 572 1115 612 usque
1145 556 1256 597 ultra
1285 556 1514 607 Lendium,
1548 556 1734 598 inseren-

252 631 333 672 teS,
375 622 636 664 suburbium
676 622 805 664 etiam
846 622 1126 665 Lendinense
1158 625 1263 665 satis
1308 640 1512 683 magnum
1559 641 1734 666 concre-

255 699 447 739 mantes;
477 691 688 747 nulloque
711 701 1013 748 comparente,
1034 692 1109 749 qui
1134 693 1196 733 eis
1222 692 1466 742 resisteret,
1484 693 1595 734 infra
1621 692 1736 733 limi-

253 766 317 798 tes
339 766 455 799 terre
482 775 558 800 sue
594 759 773 809 reversi,
802 759 1034 800 ecclesiam
1062 760 1294 817 quamdam
1327 760 1482 802 fortem
1510 769 1552 801 et
1583 769 1734 801 contra

252 842 326 866 eos
369 827 667 878 incastratam,
706 827 925 884 provisam
958 828 1011 868 de
1048 828 1153 869 viris
1198 829 1374 869 armatis
1414 837 1455 870 et
1498 829 1676 870 cibariis
1714 845 1734 870 a

252 894 449 943 Francis,
472 911 555 952 que
579 896 721 936 stabat
742 896 783 936 in
807 895 906 936 vill1
929 896 1115 953 quadam
1139 897 1392 953 campestri.
1421 913 1504 954 que
1526 896 1734 938 B1sseida

251 963 772 1013 vocati11¹,obsecle1·,u11t
819 980 947 1021 quim
987 964 1134 1021 aliquo
1166 974 1364 1022 te1np01e
1402 964 1560 1006 acliter
1594 981 1735 1036 οᾙρρυ-

250 1036 438 1084 ouantes
457 1027 761 1077 obtinueiunt,
789 1028 841 1070 iis
865 1029 938 1086 qui
957 1030 999 1070 in
1020 1045 1064 1070 ea
1089 1038 1228 1080 erz‚mt
1256 1030 1462 1071 ieeedere
1488 1030 1729 1086 permissis.

311 1092 436 1133 Circa
467 1093 658 1134 medium
691 1094 811 1143 Julii,
850 1111 923 1135 rex
956 1095 1075 1135 venit
1110 1095 1406 1136 Attiebatum.
1443 1094 1526 1148 Qui
1561 1095 1731 1145 videns,

252 1157 334 1198 sibi
363 1157 590 1199 introitum
620 1160 662 1199 in
689 1154 939 1200 Flan'driam
970 1176 1048 1216 per
1068 1169 1230 1201 rectam
1258 1161 1367 1201 viam
1394 1177 1544 1201 versus
1567 1160 1735 1202 Insulas

252 1222 345 1263 siue
374 1223 491 1264 bello
523 1223 624 1264 sorti
662 1233 704 1265 et
733 1224 928 1281 periculo
961 1234 1142 1281 propter
1170 1225 1403 1266 transitum
1433 1225 1735 1282 passagiorum

253 1299 402 1347 patere
432 1308 515 1332 non
553 1308 708 1348 posse,
745 1292 892 1349 aliquo
928 1292 1084 1333 itinere
1119 1309 1268 1334 versus
1299 1294 1539 1334 llanoniam
1568 1293 1736 1334 exerci-

251 1367 340 1399 tum
365 1359 503 1405 duxit,
527 1360 737 1401 insultum
758 1360 849 1400 fieri
873 1360 1034 1401 faciens
1054 1377 1074 1401 a
1098 1360 1186 1402 suis
1208 1361 1250 1401 in
1275 1361 1418 1402 villam
1444 1363 1734 1409 Duaccnsenn

253 1427 329 1467 sed
354 1428 544 1468 llenrieo
571 1444 665 1469 eum
695 1429 999 1470 Duacensibus
1030 1446 1074 1470 se
1106 1429 1291 1470 viriliter
1319 1437 1515 1477 tenente,
1543 1445 1736 1470 recesse-

252 1504 370 1545 runt,
413 1512 508 1536 eum
539 1496 698 1537 damno
732 1505 774 1537 et
809 1497 1045 1538 amissione
1090 1497 1324 1538 multorum
1369 1506 1411 1538 et
1460 1498 1732 1538 confusione.

252 1563 377 1604 Unde
404 1580 478 1604 rex
507 1581 603 1605 eum
634 1564 803 1622 magnis
828 1565 1033 1622 expensis
1057 1574 1099 1606 et
1122 1581 1199 1621 per
1230 1565 1421 1606 modicas
1449 1565 1605 1613 dietas,
1633 1580 1734 1620 sepe

251 1630 380 1672 etiam
428 1648 522 1673 cum
561 1649 711 1689 magna
746 1633 919 1673 caristia
966 1633 1234 1683 victualium,
1279 1634 1455 1674 tandem
1497 1649 1592 1674 cum
1643 1642 1735 1673 toto

252 1700 445 1741 exercitu
476 1717 553 1741 suo
582 1717 660 1757 per
692 1701 934 1741 Hanoniam
964 1717 1099 1757 usque
1135 1703 1381 1742 'fornacum
1408 1701 1599 1750 devenit,
1632 1701 1736 1742 Phi-

253 1767 374 1824 lippo
395 1784 568 1825 semper
597 1784 694 1809 cum
725 1769 916 1809 exercitu
953 1785 1031 1809 suo
1055 1770 1175 1825 juxta
1213 1768 1356 1826 ipsum
1390 1770 1497 1809 infra
1531 1769 1736 1810 Flandrie

253 1835 413 1876 limites
455 1852 532 1892 per
574 1852 702 1877 unam
748 1836 913 1877 leucam
956 1837 1021 1877 vel
1063 1853 1141 1893 per
1182 1837 1288 1877 duas
1326 1838 1556 1885 existente,
1595 1836 1736 1877 diviso

254 1912 396 1944 tamen
421 1905 473 1944 ab
497 1921 546 1944 eo
567 1921 644 1961 per
666 1904 841 1945 lluviuni
865 1903 1053 1961 aliquem
1078 1905 1141 1945 vel
1167 1921 1243 1961 per
1262 1904 1462 1961 paludes.
1490 1906 1579 1946 Rex
1603 1904 1738 1961 igitur

255 1971 364 2012 intra
393 1972 610 2013 civitatem
635 1974 959 2013 'l'ornacensem
981 1981 1023 2013 et
1048 1981 1165 2013 extra
1190 1974 1429 2013 exercitum
1454 1988 1576 2013 suum
1601 1972 1737 2013 collo-

253 2056 372 2085 cans,
397 2040 544 2097 aliquo
570 2049 769 2096 tempore
790 2040 953 2081 ibidem
978 2040 1158 2097 quievit,
1188 2040 1457 2089 deliberans,
1483 2041 1585 2097 quid
1608 2056 1737 2098 agere

252 2108 398 2158 vellet,
420 2108 767 2150 Flandrensibus
793 2109 845 2149 ad
872 2109 1123 2149 distantiam
1145 2109 1326 2149 duarum
1352 2109 1590 2156 leucarum,
1623 2109 1736 2149 cirea

253 2177 698 2227 Pontem-Bormum,
725 2177 797 2217 ubi
818 2177 1039 2233 quondam
1058 2177 1333 2225 Feruandus,
1352 2193 1497 2217 eomes
1512 2177 1584 2217 Fla
1595 2176 1733 2223 ndi-ie,

253 2253 404 2285 contra
427 2254 597 2285 atavum
622 2245 737 2302 regis
762 2245 997 2285 infeliciter
1022 2244 1260 2294 dimicavit,
1286 2245 1325 2285 iu
1350 2244 1515 2302 optimo
1542 2254 1582 2284 et
1607 2245 1734 2285 fertili

254 2313 345 2353 solo
372 2313 687 2354 residentibus.

314 2380 438 2421 Circa
466 2382 593 2421 finem
623 2380 747 2431 Julii,
776 2382 891 2421 venit
923 2381 1099 2438 quidam
1129 2380 1251 2421 miles
1275 2389 1479 2421 strenuus
1506 2389 1547 2421 et
1570 2382 1736 2437 peritus

253 2448 376 2489 valde
402 2449 444 2489 in
477 2449 589 2489 bello
628 2449 766 2489 navali
796 2465 891 2490 cum
924 2448 1204 2489 multitudine
1241 2464 1394 2506 magna
1426 2448 1734 2489 bellicosorum

253 2517 443 2557 virorum
473 2517 527 2557 de
552 2519 686 2557 Janua
713 2525 756 2557 et
786 2516 906 2558 ltalia
936 2525 979 2557 et
1003 2516 1193 2565 (jalesia,
1227 2525 1268 2557 et
1297 2516 1434 2557 classe
1462 2516 1618 2557 bellica
1650 2517 1735 2556 sor-

254 2584 421 2624 tissima
451 2593 492 2624 et
513 2584 691 2641 galeriis
717 2584 862 2625 multis
891 2585 1014 2624 valde
1046 2610 1096 2615 —
1122 2584 1441 2640 vocabaturque
1469 2584 1732 2624 admiratus¹

299 2713 321 2741 l.
350 2714 376 2742 ll
394 2713 492 2752 s'agit
516 2713 555 2742 ‹le
578 2714 700 2743 Pronior
718 2713 898 2747 Grimaldi,
926 2713 1035 2742 marin
1057 2713 1194 2746 sle-nois,
1215 2713 1271 2752 qui
1290 2714 1433 2742 suece'da
1453 2713 1538 2742 dans
1560 2713 1589 2741 la
1609 2712 1736 2749 charge

254 2754 410 2784 ‹l'aniiral
427 2754 467 2783 (le
489 2756 614 2783 fram—‹-
633 2758 651 2784 a
671 2766 730 2784 son
748 2755 974 2795 compatriote
997 2756 1113 2784 Ηῡιιυίἰ
1128 2754 1301 2785 Zacharie.
