1856 2963
241 173 280 202 68
744 173 941 204 ANNALES
965 173 1222 205 GANDENSES
1645 179 1726 208 1304

242 250 277 291 si
305 266 458 307 pacem
484 249 664 291 vellent.
701 250 787 305 Qui
819 267 916 292 cum
950 251 1215 294 consiliariis
1242 252 1332 293 suis
1369 261 1413 295 et
1440 261 1531 295 toto
1559 255 1724 312 populo

239 317 393 376 gavisi,
427 334 579 375 pacem
609 318 855 375 cupienteS,
890 320 967 361 sed
996 320 1144 361 dolum
1174 319 1448 379 ignorantes,
1480 323 1723 380 responde-

240 395 354 439 runt,
390 402 436 427 se
475 385 769 427 libentissime
803 403 900 428 cum
929 403 1033 445 rege
1067 403 1220 444 pacem
1248 389 1411 430 habere
1439 389 1574 441 velle,
1607 390 1722 431 salva

237 454 322 496 vita
345 463 387 496 et
412 455 637 505 membris,
669 463 712 495 et
738 454 1019 497 libertatibus
1042 456 1235 513 antiquis
1256 464 1374 498 terre
1404 473 1501 510 sue,
1532 466 1576 499 et
1600 458 1724 515 quic-

236 522 342 581 quid
366 524 409 564 in
438 539 536 564 eum
557 522 770 579 injuriose
792 525 1104 564 commiserant
1118 524 1185 565 vel
1202 523 1246 565 in
1269 540 1388 575 suos,
1414 534 1719 583 competenter

237 591 487 632 emendare.
517 591 646 633 Unde
679 590 723 631 in
763 599 951 648 utroque
991 590 1187 633 exercitu
1221 591 1368 633 statim
1405 593 1722 650 proclamatum

237 667 319 711 est,
351 668 396 700 ut
426 675 576 700 omnes
605 668 914 716 exspectarent
941 659 1088 717 aliquo
1119 668 1318 717 tempore
1352 669 1395 702 et
1422 661 1719 718 quiescerent,

236 729 279 770 in
305 744 391 785 quo
417 726 589 769 scilicet
609 736 807 784 tempore
832 727 885 768 de
908 727 1044 768 forma
1070 729 1189 785 pacis
1217 736 1495 770 tractaretur.
1523 730 1720 786 Cumque

236 812 312 837 rex
358 811 558 854 magnam
599 795 827 836 emendam
864 803 1033 852 peteret
1076 803 1119 836 et
1156 796 1453 838 Flandrenses
1505 796 1718 839 minorem

236 864 468 914 offerrent,
513 863 627 905 sicut
666 879 758 904 mos
788 872 868 913 est,
901 862 976 904 ubi
1013 862 1182 905 inimici
1210 865 1577 916 reconciliantur,
1612 864 1720 907 dicti

236 932 501 974 mediatores
525 931 800 974 fraudulenta
819 932 978 973 astutia
996 948 1069 973 sua
1087 931 1364 989 principibus
1382 933 1717 974 Flandrensium

235 1009 569 1060 suggesserunt,
601 1000 933 1058 pretendentes,
965 999 1084 1057 quod
1110 1008 1197 1040 tam
1227 1000 1409 1042 arduum
1432 1001 1657 1058 negotium
1674 1000 1717 1042 in

234 1077 320 1110 tam
354 1070 475 1111 brevi
502 1077 702 1125 tempore
734 1084 821 1109 non
852 1076 1025 1125 poterat
1054 1067 1297 1119 terminari,
1332 1077 1379 1110 ut
1414 1068 1614 1111 inducias
1651 1069 1718 1111 vel

234 1147 411 1195 treugas
439 1138 595 1179 darent
631 1136 763 1178 trium
791 1136 985 1187 dierum,
1015 1135 1186 1177 scilicet
1213 1136 1286 1177 illa
1318 1136 1424 1178 feria
1463 1137 1614 1194 quinta
1649 1137 1717 1179 vel

235 1207 338 1247 feria
365 1215 485 1248 sexta
507 1214 736 1263 sequente,
762 1205 804 1245 in
829 1220 912 1262 qua
931 1213 1022 1246 erat
1042 1203 1192 1262 vigilia
1219 1204 1548 1262 Assumptionis
1576 1205 1717 1264 Virgi-

234 1275 302 1316 nis
329 1275 545 1333 gloriose,
595 1283 636 1315 et
677 1273 877 1323 sabbato,
924 1272 969 1313 in
1012 1289 1099 1330 quo
1140 1281 1233 1313 erat
1272 1272 1414 1330 ipsum
1459 1274 1637 1325 festum,
1675 1283 1717 1315 et

233 1342 432 1384 dicentes
458 1342 668 1384 mendose
689 1341 805 1399 quod
825 1357 899 1382 rex
916 1349 1031 1382 esset
1052 1339 1325 1382 voluntarius
1347 1341 1471 1382 valde
1492 1341 1544 1382 ad
1564 1358 1715 1399 pacem

232 1427 328 1452 cum
358 1411 466 1469 ipsis
492 1410 865 1468 componendam,
901 1407 1119 1466 simulque
1148 1409 1391 1467 allegantes
1418 1410 1544 1450 beate
1568 1409 1715 1468 Virgi-

232 1480 300 1521 nis
323 1479 580 1537 suffragium
606 1478 659 1519 ad
691 1478 855 1519 dictum
884 1477 1109 1536 negotium
1141 1476 1394 1518 affuturum.
1427 1477 1596 1529 Quibus
1618 1494 1715 1519 ver-

231 1548 298 1590 bis
320 1548 614 1590 Flandrenses
641 1555 683 1588 et
708 1562 858 1587 eorum
888 1545 1114 1602 principes
1140 1545 1286 1586 allecti
1308 1544 1351 1586 in
1375 1545 1514 1587 dictas
1536 1554 1714 1604 treugas

231 1617 295 1657 vel
326 1616 526 1657 inducias
558 1641 612 1647 -—-
641 1614 758 1673 quod
785 1614 846 1655 eis
876 1622 1027 1671 postea
1065 1613 1303 1670 plurimum
1338 1613 1586 1671 displicuit,
1616 1630 1712 1655 cum

229 1684 379 1726 dolum
403 1684 589 1726 fuissent
614 1681 780 1741 experti
800 1708 857 1713 -—
878 1689 1199 1723 consenserunt
1217 1681 1243 1722 ¹.

290 1755 381 1794 lloc
403 1761 546 1794 autem
576 1760 737 1801 totum,
769 1758 815 1791 ut
837 1749 1002 1791 dictum
1029 1757 1110 1800 est,
1139 1765 1189 1790 ex
1211 1757 1334 1806 parte
1358 1749 1709 1791 consiliariorum

230 1821 347 1879 regis
376 1821 529 1862 dolose
558 1821 714 1861 sactum
744 1827 826 1860 est.
858 1820 1094 1875 Postquam
1123 1816 1239 1858 enim
1267 1817 1450 1859 victoria
1480 1818 1710 1859 admiraldi

228 1902 270 1933 et
309 1889 671 1932 Hollandensium
701 1887 763 1928 eis
791 1885 1004 1935 innotuit,
1042 1885 1246 1926 omnibus
1280 1885 1420 1927 modis
1458 1902 1555 1927 cum
1581 1886 1710 1928 Flan-

226 1958 462 2002 drensibus
485 1964 734 1998 statuerunt
761 1953 1016 2012 confligere,
1043 1954 1118 1994 sed
1138 1953 1318 2004 bellum,
1353 1963 1561 2011 quantum
1592 1963 1709 2012 pote-

227 2037 339 2078 rant,
364 2027 595 2068 voluerunt
626 2023 872 2082 protelare,
904 2031 949 2063 ut
981 2022 1293 2071 Flandrenses,
1331 2021 1405 2079 qui
1440 2039 1519 2080 pro
1556 2023 1710 2079 majori

225 2105 349 2154 parte
370 2095 573 2154 vulgares
599 2101 723 2134 erant
748 2091 966 2141 homines,
997 2090 1267 2148 prolixarum
1297 2107 1586 2148 expensarum
1616 2090 1709 2131 affi-

226 2174 431 2206 cerentur
452 2163 588 2213 tedio,
613 2171 655 2203 et
677 2161 807 2202 etiam
833 2168 894 2210 ut,
921 2175 1095 2200 rumore
1120 2158 1349 2199 infortunii
1370 2159 1588 2200 Guidonis
1605 2175 1708 2216 pro-

266 2314 294 2344 i.
320 2313 367 2342 La
386 2310 575 2351 Flzronique
599 2308 788 2338 artc‘sienne
813 2311 977 2347 rapporte
1001 2307 1049 2336 les
1081 2309 1208 2336 memes
1239 2306 1329 2339 faits,
1360 2306 1446 2336 mais
1467 2317 1547 2336 sous
1569 2307 1706 2347 nnjour

224 2355 394 2384 different.
420 2354 463 2383 (jv
489 2356 567 2381 sont
591 2352 638 2381 les
660 2349 844 2379 Flauiands
863 2349 920 2388 qni
946 2348 1103 2378 ani-aient
1118 2348 1190 2388 pris
1206 2348 1399 2378 l'initiative
1417 2348 1458 2377 de
1476 2359 1531 2378 ces
1550 2349 1705 2388 negociu—

222 2397 311 2426 tions
331 2406 418 2436 pour
448 2395 478 2424 le
496 2393 776 2423 retablissement
793 2390 832 2420 de
857 2390 890 2420 Ia
914 2390 993 2430 paix
1014 2400 1018 2419 1
1039 2401 1052 2418 «
1074 2389 1107 2419 si
1127 2389 1222 2419 avint
1245 2400 1309 2429 quc
1331 2389 1548 2424 l'eiulcmain,
1568 2390 1648 2430 qn'il
1671 2391 1703 2420 fn

222 2438 325 2477 vigile
345 2437 384 2466 de
411 2437 441 2466 le
471 2435 516 2465 ini
544 2438 654 2468 noust,
687 2433 710 2462 li
735 2433 895 2462 Flamenc
925 2431 1125 2461 envoierent
1148 2431 1177 2460 le
1202 2431 1363 2471 seigneur
1387 2431 1599 2471 d'Escornay
1623 2436 1655 2461 et
1672 2432 1703 2462 le

222 2476 383 2517 seigneur
405 2478 445 2507 de
465 2478 534 2506 Kuc
561 2481 595 2506 et
618 2474 862 2513 monseigneur
886 2473 990 2503 Grart
1015 2472 1058 2501 du
1078 2472 1234 2507 Yertboe,
1257 2483 1343 2512 pour
1366 2472 1449 2502 faire
1481 2473 1556 2513 pais
1579 2484 1622 2503 au
1641 2484 1703 2513 roy

221 2518 472 2560 s'il'peussent.
504 2518 537 2548 Si
560 2518 685 2547 tint-on
713 2515 824 2545 chelui
845 2514 925 2554 jour
951 2518 983 2543 et
1013 2513 1216 2543 l'endemain
1236 2517 1269 2542 et
1288 2514 1317 2543 le
1345 2514 1465 2549 tiereh,
1491 2514 1549 2554 qni
1573 2515 1606 2543 fu
1628 2514 1701 2544 die-

221 2562 392 2595 menches,
413 2560 617 2601 parleuient,
638 2563 670 2588 et
694 2568 733 2586 ne
755 2560 893 2597 peut-on
922 2559 1011 2585 estre
1037 2555 1175 2585 d'acort.
1198 2555 1232 2584 si
1251 2555 1320 2584 dist
1338 2555 1360 2584 li
1381 2555 1467 2585 sires
1483 2556 1523 2585 tle
1543 2556 1612 2585 Kuc
1627 2560 1658 2585 et
1677 2556 1701 2585 li

219 2603 304 2633 sires
326 2600 525 2632 d'Escornai
541 2611 616 2641 que,
632 2598 795 2640 puisqu'il
814 2597 915 2627 estoit
932 2596 1003 2626 ensi
1023 2607 1087 2636 que
1107 2596 1131 2625 li
1154 2607 1232 2636 roys
1254 2607 1294 2625 ne
1314 2597 1419 2626 voloit
1443 2597 1591 2637 prendre
1614 2597 1700 2627 dans

217 2646 265 2675 les
285 2645 388 2674 offres
406 2643 487 2683 qu'il
507 2642 677 2677 faisoient,
695 2640 776 2681 qu'il
790 2638 1108 2668 s0001nbat·=1-0ient
1128 2642 1160 2667 et
1177 2638 1478 2677 cmprenderoient
1495 2639 1698 2674 l'aventure,

215 2691 248 2716 ot
272 2687 341 2716 s'en
362 2685 514 2715 ralerent
531 2695 549 2713 a
570 2684 645 2713 leur
663 2687 728 2718 ost,
753 2685 786 2711 et
800 2680 824 2710 li
841 2691 949 2720 quens
964 2680 1004 2709 de
1029 2678 1162 2714 Sanno,
1181 2679 1237 2719 qui
1254 2679 1357 2709 estoit
1374 2679 1414 2709 de
1433 2690 1497 2719 par
1515 2680 1545 2709 Ie
1565 2691 1638 2720 roy,
1661 2691 1696 2710 se

220 2727 360 2757 retraist
377 2731 409 2756 et
424 2730 523 2766 porta
541 2726 621 2754 ches
640 2723 804 2753 nom-ele*
823 2733 865 2751 au
881 2732 942 2761 roy
958 2732 1022 2761 que
1039 2720 1060 2750 li
1079 2720 1238 2750 Flamenc
1256 2720 1393 2751 avoient
1411 2721 1499 2751 dit.»
1519 2721 1607 2753 Bibl.
1626 2732 1698 2761 roy.

219 2769 259 2799 de
279 2769 468 2804 Bruxelles,
490 2778 554 2797 ms.
578 2765 763 2801 1'1561-6-4,
786 2765 806 2793 f.
827 2764 884 2793 205
904 2769 949 2792 ΥΟ.
