1856 2963
159 169 240 206 1309
664 167 860 208 ANNALES
884 174 1140 209 GANDENSES
1603 169 1640 210 97

153 254 442 312 guen-abant,
485 253 601 295 inter
637 271 681 295 se
716 255 1006 296 condixerant
1040 254 1183 314 legem
1216 271 1388 297 servare
1432 256 1635 309 talionis,

152 337 279 378 quam
314 330 356 363 et
391 321 466 362 diu
497 331 794 364 servaverunt.
831 322 918 364 Sed
958 331 1192 380 postquam
1233 339 1380 365 comes
1415 325 1637 368 Robertus

152 405 352 431 reversus
375 398 456 439 est,
485 389 622 431 voluit
652 399 815 431 terram
856 406 977 432 suam
1013 390 1092 431 sub
1128 391 1215 431 illis
1256 391 1429 449 legibus
1461 401 1638 446 tenere,

152 458 232 498 sub
262 458 422 515 quibus
448 474 541 499 eam
569 466 808 500 tenuerunt
829 458 894 500 sui
922 459 1248 517 progenitores.
1286 461 1341 501 Et
1367 459 1466 502 ideo
1492 470 1640 519 partes

151 533 286 575 terre,
310 533 510 582 tempore
531 541 715 584 guerre,
745 525 871 583 quasi
901 524 1126 567 rarissime
1148 526 1264 568 inter
1293 543 1338 568 se
1363 530 1636 586 pugnabant.

153 592 258 638 Sed,
283 593 451 649 abjecta
471 593 570 651 lege
592 610 670 650 per
691 593 912 643 comitem,
933 602 1020 635 tam
1044 594 1087 634 in
1106 593 1221 636 villis
1243 611 1372 652 quam
1392 595 1435 637 in
1455 597 1638 655 campis,

152 660 317 702 fiebant
338 660 575 702 homicidia
601 661 788 718 plurima
812 670 855 703 et
876 661 1120 712 horrenda,
1149 679 1170 703 a
1192 671 1408 721 tempore,
1436 680 1522 723 quo
1552 666 1641 707 dic—

151 737 221 770 tus
243 745 388 771 comes
415 745 615 771 reversus
639 738 720 784 est,
746 746 885 787 usque
910 730 964 771 ad
988 738 1160 787 tempus
1187 730 1322 773 istud.

211 797 336 838 Circa
357 797 548 839 medium
570 797 734 839 mensis
756 797 920 849 Martii,
947 798 1067 839 venit
1090 799 1312 841 Robertus
1335 799 1636 854 Nivernensis,

147 864 297 921 junior
319 865 434 906 filius
460 866 662 917 Roberti,
687 866 741 907 de
764 866 882 908 curia
906 875 948 907 et
970 866 1256 924 parlamentis
1279 869 1413 926 regis,
1442 869 1495 910 ad
1515 870 1640 912 villas

150 934 410 990 Yprensem‚
440 934 721 976 Gandensem
749 942 791 975 et
814 936 1105 993 Brugensem,
1136 944 1318 992 portans
1347 953 1495 978 secum
1518 946 1640 980 tran-

152 1001 365 1058 scriptum
391 1001 561 1053 littere,
593 1002 775 1043 formam
805 1002 926 1060 pacis
950 1003 1245 1055 continentis,
1282 1013 1438 1062 petens
1469 1005 1640 1048 instan-

149 1069 319 1110 tissime
347 1086 399 1111 ex
418 1078 543 1127 parte
578 1070 695 1128 regis
730 1078 773 1112 et
803 1070 1157 1113 consiliariorum
1187 1088 1364 1114 suorum
1387 1082 1428 1115 et
1450 1075 1638 1117 arbitro-

152 1153 246 1178 rum
282 1154 483 1189 suorum,
514 1146 557 1179 et
593 1138 723 1180 etiam
747 1155 799 1180 ex
824 1147 949 1197 parte
980 1139 1117 1196 patris
1151 1140 1239 1191 sui,
1278 1157 1408 1199 quem
1443 1143 1638 1185 Parisius

150 1205 404 1262 reliquerat,
437 1206 556 1263 quod
583 1215 669 1247 tam
707 1208 892 1263 majores
921 1223 1050 1264 quam
1075 1208 1267 1250 minores
1294 1209 1336 1250 in
1359 1209 1520 1252 dictam
1549 1212 1638 1252 sor-

149 1289 261 1314 mam
296 1290 447 1315 omnes
492 1274 760 1315 unanimiter
796 1275 1041 1316 voluntarie
1075 1277 1401 1328 consentirent,
1440 1278 1637 1337 alioquin

148 1341 233 1383 hoc
254 1350 403 1383 essent
424 1342 581 1384 facturi
602 1341 745 1393 inviti,
774 1344 929 1384 multas
959 1360 1137 1402 magnas
1161 1344 1223 1386 eis
1246 1344 1455 1403 ingerens
1479 1347 1634 1393 minas.

148 1408 480 1448 Consenserunt
497 1424 602 1465 ergo
620 1408 662 1448 in
681 1424 773 1449 eam
792 1408 844 1449 ad
861 1409 945 1450 hoc
962 1411 1148 1466 majores
1166 1419 1205 1451 et
1224 1410 1408 1452 ditiores
1426 1413 1636 1454 Gauden-

148 1491 217 1516 ses
246 1484 289 1516 et
309 1477 554 1531 Yprenses,
577 1485 618 1517 et
646 1476 971 1517 territoriorum
1002 1494 1202 1529 suorum,
1228 1487 1271 1519 et
1300 1495 1530 1536 parvarum
1556 1481 1634 1522 vil-

146 1542 283 1584 larum
302 1543 658 1594 Flandrensium,
682 1553 724 1585 et
752 1544 963 1586 territorii
985 1546 1251 1602 Brugensis3
1278 1547 1355 1588 sed
1378 1548 1533 1606 vulgus
1555 1566 1635 1607 pro

147 1612 308 1668 majore
332 1620 455 1668 parte
481 1612 617 1653 tacuit
638 1621 680 1653 et
699 1612 1006 1663 dissimulavit,
1028 1614 1178 1654 volens
1203 1614 1366 1665 videre,
1390 1632 1520 1673 quem
1543 1619 1635 1659 exi-

146 1687 236 1720 tum
263 1696 330 1720 res
360 1680 541 1721 haberet
564 1679 608 1721 in
630 1680 729 1721 villa
755 1681 988 1738 Brugensi.
1023 1682 1216 1724 Veniens
1240 1692 1383 1724 autem
1414 1685 1634 1726 Robertus

144 1748 427 1789 Nivernensis
473 1750 661 1806 Brugas,
709 1757 750 1790 et
794 1766 926 1807 super
961 1751 1058 1791 aliis
1096 1752 1349 1809 Brugenses
1384 1753 1629 1810 alloquens,

144 1816 253 1857 inito
279 1815 463 1857 consilio
487 1818 738 1875 Brugenses
765 1817 1022 1859 dilationem
1047 1827 1216 1875 septem
1237 1820 1302 1860 vel
1329 1829 1427 1862 octo
1462 1821 1632 1863 dierum

146 1884 200 1925 de
229 1884 556 1941 respondendo,
589 1885 688 1942 quia
722 1886 947 1943 negotium
978 1886 1162 1928 arduum
1198 1896 1316 1938 erat,
1361 1889 1587 1946 petierunt
1614 1908 1635 1933 a

145 1952 341 1994 Roberto
370 1961 412 1994 et
439 1952 743 1995 obtinuerunt.

808 2141 974 2184 1309.

204 2276 331 2316 Anno
368 2275 545 2317 Domini
578 2277 890 2326 .M.CCC.IX.‚
930 2277 1031 2319 seria
1063 2288 1214 2335 quarta
1240 2290 1338 2336 post
1366 2281 1631 2324 dominicam

147 2342 191 2383 in
215 2344 362 2385 Ramis
382 2343 628 2385 Palmarum
648 2345 674 2394 ¹,
701 2361 784 2402 que
814 2345 917 2386 seria
947 2356 1098 2402 quarta
1129 2348 1318 2389 crastina
1348 2348 1427 2390 fuit
1448 2350 1632 2391 Annun-

146 2410 341 2452 tiationis
373 2411 566 2461 Domini,
600 2412 906 2470 Brugensibus
945 2414 1312 2456 convenientibus
1354 2417 1407 2458 ad
1448 2434 1632 2475 respon-

148 2479 340 2520 dendum
368 2480 564 2521 Roberto
600 2481 884 2531 Nivernensi,
916 2481 1136 2523 dissensio
1164 2483 1273 2525 facta
1303 2493 1369 2526 est
1396 2485 1512 2527 inter
1539 2503 1629 2528 COS.

147 2548 254 2589 Nam
278 2547 474 2597 Liliardi,
506 2548 579 2605 qui
607 2549 694 2590 fere
718 2565 870 2590 ornnes
893 2549 970 2599 ibi,
998 2551 1107 2592 sicut
1128 2551 1171 2592 in
1195 2553 1420 2603 Gandavo,
1453 2554 1505 2595 ad
1529 2571 1632 2610 pro-

191 2731 216 2760 l.
243 2731 286 2761 Le
305 2732 343 2760 26
362 2742 453 2761 mars
476 2732 563 2763 1309.

217 2790 483 2818 Fumea-Rumam,
500 2806 532 2810 -—-
548 2793 663 2817 Annales
679 2793 835 2819 Gnmlenses.
