1856 2963
213 163 251 191 80
718 163 914 194 ANNALES
939 163 1196 195 GANDENSES
1617 165 1696 195 1304

214 238 290 289 sis,
317 248 361 280 ut
382 239 549 281 dictum
578 248 660 291 est,
685 240 890 282 tentoriis
917 241 1122 282 omnibus
1148 241 1255 292 fere,
1288 257 1372 298 que
1398 241 1619 284 habebant
1651 242 1696 283 in

214 316 362 348 monte
399 315 443 349 et
473 307 701 359 zelandia,
733 308 786 350 ad
818 317 981 350 terram
1017 318 1059 350 et
1088 309 1140 351 ad
1170 309 1454 351 tabernacula
1487 326 1562 351 sua
1596 319 1697 351 sunt

212 375 392 426 reversi,
427 375 580 417 relicto
601 376 810 434 Philippo
839 377 882 418 in
912 386 1055 418 castro
1082 376 1299 418 Insulensi
1334 393 1432 418 cuin
1460 377 1695 419 sufficienti

212 443 429 501 adipsum
455 444 529 485 diu
564 444 852 486 detinendum
881 444 1146 487 comitativa.
1180 446 1274 487 Rex
1307 454 1467 497 autem,
1511 445 1696 502 sepultis

213 511 451 553 baronibus
479 519 522 552 et
543 511 766 554 nobilibus
790 513 895 563 suis,
926 513 993 554 vel
1015 513 1274 570 corporibus
1303 529 1452 554 eorum
1476 513 1530 554 ad
1557 522 1696 554 terras

211 588 254 620 et
281 579 445 637 patrias
467 595 566 621 suas
590 579 735 622 missis
762 606 814 612 -—
844 581 968 622 multi
997 582 1113 622 enim
1136 580 1178 622 in
1200 581 1448 632 Attrebato‚
1477 583 1692 631 Tornaco,

212 647 445 699 Orchiaco,
475 647 738 690 Valencenis
767 648 926 706 sepulti
950 658 1065 699 sunt,
1085 675 1140 680 --
1157 657 1257 707 post
1282 650 1461 690 tertium
1481 649 1548 690 vel
1565 664 1696 706 quar-

210 724 301 757 tum
333 715 448 757 diem
488 715 738 773 supradicte
775 717 1010 758 multorum
1039 717 1181 767 necis,
1214 716 1378 758 relictis
1411 717 1695 758 cadaveribus

213 810 263 815 -
286 784 507 841 quomodo
533 785 649 825 enim
672 783 715 825 in
735 793 821 825 tam
838 785 1027 826 terribili
1054 785 1170 826 bello
1193 793 1236 826 et
1257 785 1415 826 ‘eodem
1443 784 1514 826 die
1536 801 1694 842 corpus

211 851 390 909 aliquod
419 851 480 892 sic
515 851 625 909 eripi
661 852 912 909 potuisset?
940 878 990 884 —
1019 853 1263 911 vulgarium
1286 869 1464 894 suorum
1490 862 1532 894 et
1558 868 1693 909 equo-

211 937 306 962 rum
337 936 385 961 ac
414 919 775 971 Flandrensium,
814 930 995 978 propter
1023 937 1209 978 quorum
1238 921 1406 962 scilicet
1435 921 1693 962 cadaverum

211 988 393 1030 fetorem
420 987 639 1029 exercitus
674 989 767 1044 ejus
800 988 861 1030 ibi
897 988 970 1030 diu
1000 989 1160 1030 morari
1194 1006 1278 1030 non
1308 997 1496 1047 poterat,
1533 988 1694 1030 deinde

210 1056 450 1098 exercitum
479 1072 604 1097 suum
642 1055 762 1097 misit
801 1057 853 1098 ad
891 1056 1036 1098 villam
1072 1057 1346 1099 Insulensem
1376 1056 1691 1107 obsidendam,

209 1141 336 1182 quam
366 1133 408 1166 ct
441 1123 617 1165 obsedit
639 1140 691 1165 ex
719 1124 855 1175 latere
890 1141 993 1167 uno,
1024 1127 1120 1183 Ipse
1149 1142 1252 1167 vero
1278 1142 1353 1167 rex
1375 1125 1599 1182 profectus
1627 1133 1694 1166 est

208 1193 503 1241 Attrcbatum,
541 1201 586 1233 ut
620 1192 679 1233 ibi
707 1191 737 1233 a'
753 1192 942 1244 lesione,
971 1209 1099 1250 quam
1132 1193 1174 1234 in
1207 1193 1414 1234 conflictu
1447 1201 1690 1250 receperat,

208 1269 457 1311 curaretur3
498 1260 666 1317 fuitque
701 1261 761 1302 ibi
791 1260 968 1302 circiter
997 1278 1076 1318 per
1107 1261 1392 1319 quindenam,
1429 1261 1540 1302 infra
1564 1277 1692 1318 quam

210 1329 327 1371 misit
346 1329 399 1370 ad
416 1345 566 1370 omnes
589 1329 774 1370 Francie
791 1330 1127 1371 communitates
1145 1338 1189 1371 et
1210 1329 1263 1370 ad
1280 1346 1346 1371 om
1357 1346 1432 1371 nes
1446 1345 1561 1370 arma
1582 1329 1691 1370 serre

208 1398 419 1447 valentes,
452 1398 525 1454 qui
558 1397 669 1438 bona
706 1397 868 1438 vellent
896 1397 1080 1448 lucrari,
1115 1397 1233 1454 quod
1260 1414 1412 1439 versus
1440 1396 1691 1439 Flandriam

207 1466 431 1516 venirent,
460 1465 728 1506 denuntians
752 1464 832 1515 eis,
864 1466 1160 1507 Flandrenses
1189 1465 1328 1507 victos
1355 1482 1451 1507 esse
1475 1474 1517 1506 et
1539 1465 1691 1506 consu-

207 1552 294 1577 sos.
339 1534 554 1575 Convenit
592 1534 739 1590 itaque
773 1534 826 1575 ad
860 1550 958 1574 eum
990 1534 1043 1575 de
1072 1550 1207 1592 regno
1239 1550 1316 1575 suo
1348 1542 1390 1575 et.
1423 1534 1554 1575 terris
1595 1532 1691 1574 aliis

206 1604 423 1644 exercitus
470 1603 594 1659 quasi
638 1601 852 1645 infinitus.
899 1601 1019 1643 Dixit
1060 1603 1175 1643 0111111
1218 1601 1442 1643 Gerardus
1494 1603 1688 1652 Maurus,

206 1671 330 1712 miles
360 1679 564 1712 strenuus
586 1669 640 1711 de
659 1669 866 1711 Flandria
894 1679 935 1711 et
958 1670 1186 1728 longevus,
1221 1670 1295 1728 qni
1328 1671 1567 1712 exercitum
1598 1671 1690 1726 ejus

206 1748 358 1797 postea
380 1738 504 1787 vidit,
536 1746 579 1778 et
607 1737 680 1794 qui
710 1754 807 1779 cum
836 1738 933 1794 ipso
962 1747 1004 1779 et
1032 1747 1155 1795 patre
1190 1740 1283 1795 ejus
1322 1747 1363 1779 et
1392 1755 1468 1780 avo
1497 1737 1619 1795 quasi
1647 1737 1689 1778 in

205 1807 409 1848 omnibus
427 1805 784 1863 expeditionibus
802 1806 941 1847 fuerat
954 1806 1061 1847 citra
1079 1822 1193 1847 marc
1211 1815 1252 1848 et
1278 1806 1386 1847 ultra
1406 1807 1434 1857 ¹,
1455 1822 1689 1862 numquam

204 1892 409 1917 coronam
436 1875 621 1929 Francie
651 1882 812 1915 tantam
843 1874 1061 1915 exercitus
1091 1875 1333 1932 potentiam
1365 1890 1685 1932 congregasse,

205 1961 333 2002 quam
364 1942 458 2000 ipsc
486 1942 610 1983 vidit.
987 1934 989 1937 ¹

263 2011 388 2054 Unde
418 2020 517 2068 post
554 2011 714 2052 dictam
753 2011 1038 2068 quindenam,
1077 2011 1264 2052 sanitate
1295 2019 1573 2068 recuperata,
1616 2026 1690 2052 rex

205 2097 302 2122 cum
329 2089 417 2120 tota
451 2079 647 2136 potentia
678 2095 752 2119 sua
789 2079 979 2120 Insulam
1011 2079 1144 2129 venit,
1186 2079 1326 2136 ipsam
1355 2078 1565 2120 obsidens
1603 2078 1688 2119 cir-

204 2163 494 2205 cumquaque.
521 2147 649 2201 Quod
675 2146 920 2198 audientes,
942 2148 1164 2188 Johannos
1189 2156 1230 2188 et
1251 2147 1473 2188 Robertus
1496 2156 1538 2188 et
1558 2146 1688 2188 Flan-

204 2218 386 2258 drenses
414 2215 538 2256 valde
560 2215 696 2272 gavisi
721 2224 836 2256 sunt.
868 2215 1077 2257 Sciebant
1100 2216 1232 2265 enim,
1261 2224 1454 2256 castrum
1475 2223 1517 2256 ct
1544 2214 1687 2255 villam

205 2286 478 2328 Insulcnsem
508 2283 552 2324 111
579 2283 845 2324 victualibus
874 2292 915 2323 ct
941 2285 1117 2324 armatis
1146 2283 1250 2324 viris
1277 2283 1547 2325 sufficienter
1567 2291 1611 2324 et
1634 2282 1688 2324 ad

202 2354 382 2411 longum
408 2361 580 2408 tempus
609 2368 704 2392 esse
745 2351 933 2408 provisa,
973 2360 1014 2392 et
1046 2352 1304 2409 sperabant,
1345 2351 1463 2408 quod
1492 2352 1585 2392 sinc
1609 2367 1686 2392 suo

204 2421 362 2463 bellico
384 2420 533 2461 labore
560 2428 741 2476 propter
765 2419 921 2460 hiemis
951 2418 1348 2476 appropinquantis
1380 2419 1687 2460 necessitatem

205 2498 432 2548 urgentem
465 2497 505 2529 et
527 2487 710 2535 viarum,
737 2503 815 2544 per
838 2503 944 2543 quas
967 2487 1169 2528 victualia
1199 2486 1495 2537 adducuntur,
1524 2486 1687 2544 pejori-

244 2692 271 2721 '1.
298 2692 376 2720 (li-r.
411 2690 506 2719 Moor
533 2700 567 2719 se
598 2688 776 2728 distinguu
799 2690 818 2720 1“1
851 2688 882 2717 la
916 2690 1067 2718 l'aineusc
1104 2688 1244 2717 bataillc
1275 2688 1315 2717 (lc
1347 2688 1563 2729 XVocringcn.
1585 2689 1634 2718 (js.
1653 2689 1685 2717 111

202 2731 426 2774 Ιίἱ]”ηιΙι·ιόιιίι·Ιῐ
445 2731 485 2761 de
507 2731 576 2760 Van
597 2730 712 2767 Hcclu,
734 2729 829 2770 publ.
851 2740 914 2769 par
930 2729 1096 2765 willonis,
1118 2741 1194 2760 vers
1210 2731 1290 2759 5'450
1309 2734 1341 2759 et
1356 2731 1446 2760 8¹:27.
