1856 2963
223 150 262 180 58
725 151 922 181 ANNALES
946 151 1204 182 GANDENSES
1631 152 1711 182 1304

225 244 307 284 qua
330 228 450 284 prius
473 244 494 268 a
518 243 621 285 roge
642 229 891 277 tenebatur,
918 245 1119 270 reversus
1138 238 1218 269 est.
1243 230 1337 270 Rex
1364 238 1508 270 autem
1532 237 1710 286 treugas

225 312 303 353 per
325 305 471 353 partes
496 295 678 336 duarum
701 296 765 337 vel
787 296 919 337 trium
942 297 1284 353 septimanarum
1307 296 1435 354 petiit
1455 297 1711 353 prolongari

227 380 364 421 usque
396 364 447 403 ad
479 363 749 404 nativitatem
785 364 1247 420 Johannis-Baptiste,
1286 365 1338 405 ad
1367 381 1495 421 quam
1533 365 1711 421 prolon-

226 432 445 489 gationem
490 432 784 472 Flandrenses
826 432 1057 473 voluntarii
1101 441 1241 482 erant,
1287 449 1436 489 pacem
1482 449 1579 474 cum
1615 432 1712 489 ipso

228 500 457 556 cupientes
475 500 638 540 habere
667 509 709 540 et
732 500 784 540 de
807 499 910 541 dolo
934 516 1021 541 non
1044 500 1306 557 cogitantes

285 567 442 608 Finitis
471 568 653 624 treugis,
688 568 801 608 circa
830 568 958 608 finem
989 568 1104 609 ,lunii
1128 577 1170 609 01
1195 568 1460 625 principium
1489 567 1608 617 Julii,
1640 583 1714 607 rex

228 635 270 676 in
294 635 500 676 omnibus
525 634 743 692 provisus,
768 644 900 692 prout
924 636 1077 676 melius
1101 635 1258 692 potuit,
1284 635 1394 676 infra
1425 636 1534 676 duos
1557 651 1709 686 1111005,

227 702 387 760 quibus
410 712 525 744 terre
548 703 754 744 Flandrie
784 720 943 744 nocere
967 712 1155 760 poterat,
1184 720 1281 744 cum
1312 704 1496 744 maximo
1519 703 1712 744 exercitu

227 771 280 812 de
301 780 489 828 utroque
512 787 651 828 regno
674 787 767 821 suo,
796 780 838 812 01
863 771 986 828 quasi
1013 771 1258 812 innumeris
1285 770 1510 812 bellicosis
1534 770 1638 810 viris
1662 770 1714 810 dc

229 839 375 879 multis
411 838 559 896 regnis
596 847 638 879 et
675 839 915 896 provinciis
952 848 1038 880 tam
1078 838 1302 896 equitibus
1334 854 1461 896 quam
1493 838 1714 895 peditibus

228 906 475 955 conductis,
505 923 656 948 versus
693 907 942 948 Flandriam
983 907 1115 948 venit.
1161 907 1290 959 Quod
1325 915 1371 948 ut
1404 923 1482 964 per
1513 906 1714 962 explora-

226 984 345 1015 tores
378 974 586 1031 Philippo
627 974 715 1015 filio
766 974 939 1015 comitis
986 975 1194 1024 innotuit,
1229 975 1447 1015 contraxit
1487 973 1714 1030 copiosum

228 1043 467 1083 exercitum
508 1043 563 1083 de
609 1042 709 1083 villa
753 1050 796 1083 01
844 1042 1067 1083 territorio
1114 1043 1354 1100 Brngensi,
1405 1041 1631 1082 Gaudensi
1675 1049 1717 1080 et

227 1110 414 1167 Yprcnsi
447 1110 561 1167 apud
589 1111 865 1159 Curtracum,
899 1110 1098 1151 Johanne
1136 1110 1421 1151 Namurcensi
1450 1126 1546 1150 cum
1586 1109 1716 1149 fratrc

229 1195 307 1219 sno
337 1178 541 1219 Guiclone
564 1178 607 1219 in
631 1178 834 1219 Zelandia
860 1180 1091 1228 existente,
1121 1187 1162 1219 ct
1186 1178 1424 1220 &Vilhelmo
1451 1177 1492 1218 in
1517 1177 1716 1217 occiden-

229 1246 304 1288 tali
336 1246 565 1296 Flandria,
598 1263 678 1303 pro
707 1246 966 1287 defensione
995 1256 1111 1287 terre
1140 1255 1291 1287 contra
1323 1245 1554 1286 solidarios
1578 1243 1716 1301 regis,

230 1323 500 1364 remanente,
549 1324 588 1355 et
644 1313 834 1355 Henrico
883 1322 1063 1355 tenente
1120 1316 1339 1362 Duacum,
1397 1312 1485 1353 11110
1544 1311 1718 1353 00011115

225 1382 417 1437 juniore.
446 1384 574 1423 Facta
599 1390 663 1422 051
684 1391 826 1422 autem
855 1382 1059 1438 aliqualis
1082 1381 1304 1422 dissensio
1329 1381 1442 1421 inter
1465 1382 1718 1437 Brugenscs

229 1458 271 1490 01
314 1449 573 1491 Gandonses
614 1450 656 1490 in
704 1449 896 1490 exercitu
946 1449 1204 1490 Flandrensi
1249 1449 1304 1490 de
1344 1448 1626 1506 precedendo
1674 1447 1715 1487 in

230 1526 346 1559 motu
370 1518 588 1558 exercitus
609 1517 711 1558 etin
732 1517 864 1565 bello,
891 1518 1007 1574 quod
1026 1519 1262 1574 sperabant
1287 1518 1449 1558 habere
1467 1533 1564 1557 01101
1591 1532 1715 1571 rcgc3

229 1587 355 1626 ambo
382 1585 494 1626 0111111
515 1585 753 1643 precedere
776 1586 996 1626 volebant.
1025 1587 1119 1637 Quo
1139 1585 1377 1630 dissensio,
1404 1584 1506 1624 11001
1531 1585 1570 1624 in
1598 1584 1716 1623 brevi

231 1671 250 1694 a
282 1654 489 1711 Philippo
535 1654 665 1695 suerit
704 1654 871 1704 sedata,
922 1655 1161 1694 exercitum
1198 1662 1341 1694 tamen
1384 1652 1626 1708 impedivit,
1667 1667 1719 1690 110

232 1723 336 1762 satis
362 1722 623 1778 tempestive
651 1731 749 1778 post
782 1721 943 1762 exitum
979 1731 1229 1779 treugarum
1263 1722 1314 1761 ad
1352 1720 1565 1761 terminos
1603 1728 1719 1759 terre

232 1790 437 1831 Flandrie
464 1806 614 1830 versus
639 1790 916 1831 Attrebatum
946 1790 1216 1844 perveniret:
1250 1788 1365 1829 unde
1394 1787 1569 1831 accidit,
1601 1786 1719 1843 quod

232 1859 450 1899 exercitus
479 1858 619 1915 regis.
652 1874 779 1913 quem
817 1858 1092 1914 premiserat,
1141 1873 1217 1913 per
1250 1855 1531 1897 traditionem
1573 1856 1719 1909 enjus-

233 1926 330 1966 dam
356 1925 506 1966 militis
523 1926 576 1966 de
602 1925 822 1974 Flandria,
844 1926 915 1981 qni
940 1915 1163 1966 custodire
1188 1924 1340 1965 habuit
1360 1923 1537 1964 strictos
1559 1921 1720 1963 transi-

233 2003 318 2041 tus,
354 2010 431 2050 per
455 1994 654 2049 paludes,
687 2010 771 2050 que
803 1994 1050 2033 Flandriam
1084 2009 1104 2032 a
1131 2001 1245 2033 terra
1281 1990 1579 2032 Atti-ebateiisi
1616 1989 1720 2030 divi-

234 2062 343 2102 dunt
375 2070 417 2103 et
456 2070 665 2102 vocantur
700 2063 916 2118 passagia,
956 2060 1179 2110 transiret,
1224 2060 1480 2116 clademque
1522 2073 1719 2114 magnam

235 2130 339 2170 satis
370 2130 412 2170 in
451 2130 550 2170 villa
583 2129 842 2186 campestri,
879 2146 962 2186 quc
990 2137 1167 2170 vocatur
1198 2126 1569 2174 Pons-Nx'endini,
1607 2126 1722 2166 viro-

235 2214 345 2244 rum,
398 2197 653 2246 mulierum,
686 2197 916 2237 infantium
950 2206 988 2237 ct
1036 2196 1163 2236 0111101
1210 2197 1447 2236 bestiarum
1482 2193 1723 2234 crudeliter

235 2274 477 2306 exerceret.
508 2266 634 2319 Quod
662 2266 821 2306 sactum
854 2265 917 2305 vir
950 2273 1154 2305 strenuus
1181 2264 1415 2320 Philippus
1439 2279 1516 2318 per
1545 2262 1722 2302 1111111105

237 2350 529 2391 cognoscens,
562 2333 636 2390 qui
666 2350 685 2374 a
714 2333 911 2390 predicta
942 2333 1040 2373 villa
1069 2333 1152 2372 11151
1184 2348 1260 2388 per
1289 2332 1396 2371 duas
1432 2330 1495 2370 vel
1532 2345 1610 2386 per
1635 2338 1722 2369 tros

236 2403 380 2443 10110115
410 2401 618 2450 distabat,
643 2403 730 2457 jam
760 2401 813 2441 de
838 2403 1048 2441 (lui-traco
1074 2416 1169 2440 cum
1198 2398 1421 2455 equitibus
1442 2398 1530 2438 suis
1562 2405 1720 2443 motus,

242 2470 411 2526 reliquo
435 2468 627 2509 exercitu
655 2468 915 2510 Flaudrensi
940 2468 1080 2524 ipsum
1105 2475 1331 2524 sequente,
1365 2467 1513 2506 hostes
1533 2464 1679 2521 coegit
1702 2480 1720 2504 a

239 2538 361 2578 clade
400 2553 571 2577 cessare
604 2540 667 2576 sui
708 2536 882 2585 timore,
933 2552 1028 2576 cum
1077 2551 1232 2591 magna
1283 2534 1562 2574 festinatione
1616 2533 1722 2588 ipsis

239 2605 600 2661 appropinquans
632 2613 674 2644 et
707 2604 985 2659 transfugere
1015 2603 1125 2643 ultra
1156 2603 1404 2659 passagium
1432 2600 1718 2656 compellens.

241 2675 391 2713 Castra
433 2680 617 2712 metatus
649 2681 713 2712 051
744 2673 863 2726 juxta
895 2671 1036 2712 villam
1078 2670 1341 2729 predictam.
1376 2669 1483 2709 ultra
1519 2667 1720 2726 paludem
