1856 2963
261 150 299 180 62
764 142 961 180 ANNALES
985 142 1242 180 GANDENSES
1666 143 1747 181 1304

322 227 447 268 Circa
494 225 762 283 principium
803 226 1014 284 Augusti,
1064 243 1139 268 rex
1187 228 1460 268 Tornaeum¹
1512 243 1609 268 cum
1652 236 1745 268 toto

262 295 456 335 exercitu
497 310 574 335 suo
610 293 724 335 intra
758 294 966 335 Flandrie
1009 294 1188 343 limites,
1221 303 1309 335 tam
1356 293 1556 335 stabilem
1598 295 1746 336 sedem

263 361 420 402 nullibi
450 361 597 419 aliquo
632 369 831 418 tempore
865 361 1025 409 tenuit,
1071 362 1189 419 quod
1232 378 1253 402 a
1284 362 1632 404 Flandrensibus
1668 378 1748 419 per

263 429 428 470 bellum
455 429 600 486 potuit
626 428 800 487 attingi.
832 429 1077 471 Videbatur
1103 428 1218 470 enim
1249 429 1366 470 nolle
1394 429 1595 487 preliari,
1623 438 1744 470 ante-

261 512 388 553 quam
416 496 501 537 sibi
536 505 777 547 constaret,
802 497 992 553 qualiter
1019 497 1062 537 in
1093 497 1301 538 Zelandia
1328 497 1372 538 in
1393 497 1680 541 &Yilhelmum
1705 506 1747 538 et

262 564 509 606 Guidonem
539 580 695 622 guerra
732 565 1060 606 terminaretur.
1092 565 1358 607 XYilhelmus
1384 566 1499 606 enim
1528 565 1746 607 Juliacen-

261 633 336 682 sis,
369 632 552 673 audiens
596 648 746 690 regem
781 633 834 673 ad
869 649 1046 689 campos
1087 649 1331 689 egressum,
1382 632 1435 673 de
1482 632 1746 674 occidentali

263 700 468 741 Flandria
507 700 625 741 venit
652 717 749 741 cum
778 701 929 758 pulcra
959 701 1208 742 comitativa
1241 709 1528 750 armatorum,
1559 701 1602 742 in
1625 701 1746 742 auxi-

259 768 365 809 lium
389 768 589 809 avunculi
621 768 687 809 sui
716 768 912 825 Philippi
938 769 992 809 ad
1020 768 1307 827 pugnandum
1339 785 1435 810 cum
1466 785 1584 826 rege.
1615 768 1746 811 Venit

260 836 391 876 etiam
432 836 484 876 ad
521 836 777 893 Philippum
819 838 1040 877 Johannes
1072 836 1408 886 Namurcensis,
1447 837 1579 878 frater
1615 853 1742 887 sulm,

262 903 417 945 relicto
433 903 638 945 Guidone
658 902 849 944 Ziericze
866 904 1122 953 obsidente3
1145 903 1212 945 cui
1234 904 1455 945 consuluit
1474 913 1515 945 et
1535 913 1743 961 quantum

258 972 402 1028 potuit
423 971 638 1027 injunxit,
670 980 716 1012 ut
748 971 869 1012 nullo
892 972 1022 1013 modo
1048 988 1142 1013 cum
1171 972 1371 1013 hostibus
1405 973 1552 1013 navale
1583 973 1744 1014 bellum

260 1038 510 1080 invadendo
545 1039 841 1080 committeret
875 1066 926 1070 ——
959 1040 1183 1081 habebant
1220 1040 1334 1080 enim
1380 1040 1527 1096 plures
1566 1057 1744 1099 magnas

263 1123 392 1148 nares
434 1116 476 1148 et
513 1108 662 1157 sortes,
691 1107 806 1161 licet·
826 1107 971 1149 Guido
1007 1108 1193 1149 haberet
1214 1108 1363 1165 plures
1399 1109 1606 1157 minores,
1629 1136 1687 1139 —
1711 1108 1743 1149 si

260 1183 405 1216 tamen
430 1192 526 1216 cum
546 1191 623 1231 per
642 1191 757 1216 mare
779 1175 844 1216 vel
871 1192 948 1232 per
967 1184 1146 1225 terram,
1166 1176 1283 1233 quod
1300 1175 1362 1216 eis
1385 1176 1692 1218 difficillimum
1704 1186 1744 1218 et

259 1242 381 1299 quasi
410 1243 686 1300 impossibile
709 1252 818 1292 erat,
844 1243 1119 1293 invaderent,
1144 1253 1249 1284 tuuc
1269 1260 1314 1285 se
1339 1243 1522 1285 viriliter
1542 1245 1745 1287 defensa-

260 1319 339 1353 ret.
367 1312 456 1351 Hoc
480 1311 587 1351 illud
615 1311 763 1368 sepius
787 1311 982 1353 Guidoni
1006 1312 1185 1369 scripsit
1209 1320 1414 1353 strenuus
1437 1312 1562 1354 miles
1581 1313 1745 1354 Johan-

258 1395 335 1419 nes
362 1379 415 1419 de
446 1379 648 1428 Renisse‚
675 1379 748 1436 qui
772 1395 823 1420 ex
849 1387 973 1436 parte
998 1380 1137 1436 ipsius
1165 1380 1305 1420 tenuit
1329 1381 1593 1436 Trajectum.
1622 1382 1744 1422 Post-

258 1462 385 1503 quam
414 1446 528 1488 enim
559 1447 727 1497 Guido,
759 1448 994 1504 episeopus
1029 1448 1353 1504 's1·ajectensis,
1384 1458 1537 1505 captus
1566 1448 1666 1499 suit,
1699 1458 1745 1490 ut

258 1531 385 1571 supra
413 1523 555 1572 patet,
590 1517 727 1572 major
763 1531 863 1572 pars
897 1516 1269 1572 Trajectenfflum,
1300 1517 1373 1572 qui
1409 1533 1505 1557 eum
1541 1516 1738 1568 oderant,

255 1582 449 1639 expulsis
472 1583 537 1623 vel
563 1583 722 1623 occisis
752 1584 958 1623 omnibus
984 1584 1133 1624 amicis
1162 1584 1275 1633 suis,
1308 1600 1352 1624 se.
1383 1592 1622 1626 tenuerunt
1646 1601 1742 1625 cum

255 1651 459 1693 Guidone
478 1650 778 1692 Namurcensi.
806 1653 996 1693 Venerat
1019 1651 1148 1692 etiam
1167 1651 1219 1692 ad
1239 1651 1492 1709 Philippum
1519 1652 1740 1694 Robertus

253 1716 553 1760 Nivernensis,
583 1716 696 1756 filius
721 1716 871 1771 junior
895 1717 1075 1756 Roberti
1101 1716 1233 1773 capti,
1260 1716 1543 1774 primogeniti
1567 1717 1741 1759 comitis

254 1780 489 1830 Guidonis‚
522 1796 671 1821 meuse
698 1780 974 1838 precedenti,
1007 1781 1160 1822 relicto
1191 1782 1321 1822 fratre
1347 1798 1424 1822 suo
1453 1782 1670 1823 Ludovico
1694 1783 1737 1823 in

257 1848 464 1890 comitatu
509 1865 602 1898 suo,
646 1865 742 1889 cum
788 1848 1008 1898 omnibus,
1064 1865 1147 1906 que
1202 1850 1241 1889 in
1295 1849 1474 1890 Francia
1529 1851 1738 1894 habebat.

257 1916 468 1957 dimissis.
1020 1919 1022 1921 ’

319 1985 389 2026 Si(-
411 1993 598 2042 quatuor
618 1984 886 2026 exercitibus
910 1984 953 2025 in
977 1984 1181 2025 Flandria
1199 1993 1241 2025 et
1263 1985 1469 2026 'Lelaudia
1493 1985 1739 2043 dispositis,

256 2079 312 2084 —-—
337 2069 439 2110 rege
455 2055 469 2080 '3
495 2069 669 2108 semper
698 2053 750 2093 dc
783 2053 878 2093 loeo
913 2054 964 2093 ad
995 2053 1137 2094 locum
1173 2069 1296 2093 suum
1327 2055 1563 2095 exercitum
1598 2064 1740 2096 trans-

259 2130 452 2162 mutante
505 2130 547 2161 et
595 2120 804 2178 Philippo
849 2137 945 2161 cum
991 2121 1338 2161 Flamlrcusibus
1379 2121 1484 2178 ipsi,
1531 2132 1740 2179 quantum

258 2189 415 2246 potuit.
449 2190 920 2245 appropinquante‚—
950 2189 1218 2229 admiraldus
1243 2205 1339 2228 cum
1370 2190 1741 2232 Hollaudcusibus

257 2258 511 2313 ¹§Villielmo
559 2257 839 2297 adolescente
880 2258 1023 2297 adhuc
1064 2258 1116 2297 de
1161 2266 1276 2298 retro
1307 2259 1427 2313 juxta
1464 2275 1586 2298 suum
1622 2276 1739 2300 exer-

256 2414 391 2453 geutiex
405 2413 559 2442 hommes
573 2418 605 2442 et
620 2413 650 2442 lc
665 2412 837 2453 rapitaiue
853 2413 896 2442 du
911 2413 1035 2442 terroir
1047 2414 1087 2443 de
1102 2414 1295 2443 Bourhourt
1311 2425 1330 2454 y
1346 2415 1376 2443 fu
1394 2415 1466 2454 pris·
1479 2419 1511 2444 et
1523 2416 1615 2445 avoit
1628 2427 1646 2445 a
1662 2427 1739 2445 nom

258 2455 381 2484 nit-sire
402 2455 570 2484 Wauliers
590 2455 630 2483 de
656 2454 881 2484 Bruinkerke.
905 2459 934 2483 vt
954 2459 1025 2484 tout
1053 2466 1087 2484 se
1112 2455 1250 2484 rctraist
1278 2455 1448 2485 ehaseuns
1470 2468 1487 2485 a
1511 2468 1545 2486 se
1576 2457 1739 2488 warde».

257 2496 346 2526 Bibl.
368 2507 438 2535 roy.
460 2496 501 2525 de
522 2496 711 2530 lsi-uxelles,
734 2507 797 2525 ms.
823 2497 1005 2529 thoul-⁴5⁷1,
1029 2498 1049 2526 f.
1070 2498 1126 2525 ’2οἢ
1146 2503 1189 2527 v0.

301 2539 324 2566 1.
354 2537 513 2577 Philippo
546 2538 576 2566 lo
611 2538 668 2567 Bel
699 2538 779 2566 etait
814 2537 938 2566 devant
983 2538 1132 2567 ‘l'ournai
1169 2539 1199 2567 le
1233 2538 1270 2567 18
1301 2542 1381 2567 aout
1412 2540 1508 2574 1:303,
1539 2550 1670 2569 comme
1699 2550 1738 2568 en

256 2579 465 2619 temoignent
485 2579 543 2608 des
565 2579 682 2608 lettres
704 2579 853 2608 donn-205
879 2589 942 2618 par
959 2580 1018 2611 lui.
1040 2581 1058 2608 a
1078 2584 1163 2608 cette
1182 2581 1259 2608 dato
1281 2590 1285 2608 :
1308 2592 1319 2606 (ι
1343 2579 1373 2609 in
1394 2581 1494 2610 tentis
1511 2586 1589 2610 ante
1605 2581 1738 2610 Torna-

256 2631 331 2649 cum
353 2632 380 2649 υ.
400 2622 450 2649 (js.
471 2620 662 2653 Itineraire,
683 2620 779 2660 publ.
801 2620 886 2649 daus
907 2622 943 2649 I).
965 2622 1127 2660 Bouquet,
1148 2620 1230 2655 XXI,
1252 2622 1321 2655 Q'ili,
1342 2621 1378 2651 C.

296 2663 323 2691 2.
352 2662 394 2691 Le
413 2673 473 2691 ms.
495 2662 535 2690 de
550 2662 646 2692 {strand
667 2666 699 2690 et
723 2662 800 2691 l'ecl.
820 2662 859 2690 de
885 2662 1100 2702 llambuurg,
1127 2662 1235 2691 suivis
1255 2673 1318 2702 par
1341 2663 1385 2692 De
1413 2664 1507 2693 Smct
1528 2668 1557 2692 et
1587 2664 1739 2703 Luppcn-

256 2703 352 2743 berg,
373 2708 509 2743 portent
529 2715 544 2731 α
563 2703 743 2743 dispositis
766 2714 784 2732 u
806 2714 886 2743 rege
906 2714 932 2733 ν.
