1856 2963
243 173 281 202 82
748 166 945 203 ANNALES
969 173 1226 203 GANDENSES
1647 175 1728 204 1304

244 251 558 308 sequebantur,
589 258 848 306 posuerunt..
890 252 980 292 Rex
1013 250 1202 307 quippe,
1234 251 1431 307 ipsorum
1465 253 1726 309 precognito

243 319 449 367 adventu,
481 317 721 359 exercitum
756 334 903 366 suum,
937 317 1010 375 qui
1032 319 1208 375 jacebat
1235 334 1254 359 a
1285 319 1419 360 latere
1451 319 1551 360 ville
1575 335 1726 360 versus

242 388 427 443 Ypram,
468 385 520 426 ad
547 385 665 427 aliud
703 385 816 426 latus
847 402 998 427 versus
1027 388 1289 436 Tornaeum,
1322 402 1468 428 secum
1504 388 1546 427 in
1593 403 1725 428 unum

243 462 542 503 contraxerat,
574 454 825 510 feceratque
857 453 951 495 fieri
975 454 1144 511 grande
1166 454 1375 495 fossatum
1399 464 1441 496 et
1464 463 1725 512 protensum

242 523 358 563 inter
379 522 619 563 exercitum
654 537 779 562 suum
812 530 853 562 et
879 522 1047 572 locum,
1078 521 1151 562 ubi
1186 522 1391 564 credebat
1431 523 1725 564 Flandrenses

240 599 474 640 venturos;
501 589 554 630 ad
579 605 709 646 quem
731 599 773 630 et
799 598 1030 630 venerunt.
1057 589 1236 631 Plurimi
1265 599 1408 631 autem
1431 590 1725 632 Flandrenses

242 658 429 700 tentoria
452 674 540 699 non
564 658 793 707 habentes,
823 658 923 714 quia
947 674 1034 698 non
1054 658 1363 714 proponebant
1384 658 1445 699 ibi
1468 658 1542 700 diu
1559 660 1723 715 jacere,

241 727 318 768 sed
342 743 489 785 regem
510 726 730 775 invadere,
752 726 817 766 vel
844 725 943 782 quia
971 725 1053 766 sibi
1078 725 1135 766 ita
1160 726 1372 767 velociter
1393 743 1440 767 ea
1460 742 1614 783 parare
1637 742 1724 767 non

240 803 496 852 potuerant,
536 795 732 835 fecerunt
774 793 858 834 sibi
897 794 1181 834 tabernacula
1229 795 1318 835 sive
1371 795 1625 836 umbracula
1671 795 1724 835 de

240 863 525 905 straminibus
545 871 588 902 et
603 862 809 902 arborum
827 862 973 902 ramis.
996 863 1098 902 Erat
1119 878 1224 919 ergo
1247 863 1464 903 exercitus
1486 862 1722 903 Flandren-

240 932 298 973 sis
320 941 407 973 tam
438 931 666 979 maximus,
695 929 813 986 quod
837 945 1073 986 numquam
1103 929 1260 986 aliquis
1288 929 1398 971 vidit
1425 929 1629 971 comitem
1656 929 1723 970 vel

238 999 485 1057 principem
530 997 735 1039 Flandrie
771 997 1009 1038 exercitum
1062 997 1298 1038 deduxisse
1343 1007 1429 1039 tam
1475 997 1718 1055 copiosum.

239 1068 412 1109 Dicitur
433 1066 561 1108 etiam
589 1082 679 1115 rex,
706 1065 848 1122 ipsum
876 1065 929 1106 de
953 1065 1128 1106 cumulo
1155 1066 1344 1122 quodam
1371 1066 1460 1107 sive
1482 1065 1722 1107 monticulo

238 1135 478 1192 aspiciens,
521 1133 783 1175 mirabiliter
812 1134 942 1174 l'uisse
973 1133 1228 1174 admiratus.
1268 1135 1314 1174 In
1350 1135 1541 1175 crastino
1580 1142 1722 1174 autem

238 1204 467 1253 adventus,
499 1202 795 1243 Flandrenses
823 1209 1038 1258 ceperunt
1059 1202 1206 1242 invitis
1230 1202 1409 1243 Francis
1439 1203 1612 1258 replere
1643 1203 1722 1242 sos—

237 1281 393 1322 satum,
419 1280 465 1312 ut
487 1271 540 1311 ad
563 1287 635 1311 eos
655 1269 851 1326 patulum
875 1279 1057 1325 possent
1081 1270 1244 1311 habere
1264 1285 1507 1319 accessum,
1536 1270 1721 1311 fiebant-

237 1358 321 1398 que
368 1340 484 1381 inter
529 1347 764 1394 utrumque
805 1337 1044 1378 exercitum
1087 1354 1234 1395 pugne
1278 1339 1583 1394 particulares,
1633 1338 1721 1379 sive

236 1408 434 1466 preludia
463 1407 611 1451 multa,
639 1407 681 1446 in
711 1405 871 1462 quibus
902 1405 1079 1462 plurimi
1104 1423 1154 1446 ex
1183 1415 1366 1463 utraque
1392 1415 1514 1464 parte
1543 1422 1721 1447 corrue-

237 1485 351 1518 runt.
387 1478 439 1517 Et
467 1492 562 1516 eum
596 1490 670 1515 rex
701 1473 949 1515 certissime
981 1475 1263 1531 cognovisset
1295 1491 1374 1532 per
1401 1475 1717 1532 exploratore5‚

235 1545 530 1586 Flandrenscs
577 1559 744 1591 omnes,
788 1542 939 1599 paucis
989 1542 1159 1599 pavidis
1209 1544 1420 1600 exceptis,
1467 1543 1519 1583 ad
1557 1543 1719 1583 bellum

236 1611 631 1659 vuluntarissimos,
672 1610 877 1651 omnibus
921 1609 1060 1651 modis
1096 1626 1191 1651 cum
1231 1610 1326 1666 ipso
1356 1611 1467 1651 velle
1502 1611 1555 1651 de
1592 1619 1720 1651 nocte

235 1698 330 1722 cum
367 1681 467 1721 lune
498 1679 733 1736 splendore
771 1694 991 1736 pugnare,
1030 1694 1083 1719 nc
1125 1679 1296 1735 equites
1335 1679 1400 1720 sui
1436 1695 1509 1720 cos
1544 1695 1564 1718 a
1593 1688 1719 1735 tergo

234 1748 535 1797 circumirent,
567 1773 622 1777 —
651 1763 736 1788 non
760 1746 877 1787 enim
903 1755 1088 1802 possunt
1118 1747 1231 1787 acies
1256 1755 1484 1803 equestres
1514 1747 1566 1787 (le
1591 1756 1718 1788 nocte

235 1817 439 1859 celeriter
464 1815 678 1873 equitare,
697 1841 753 1846 —
769 1815 834 1856 vel
859 1815 893 1855 si
917 1815 969 1855 de
987 1814 1058 1855 die
1084 1815 1247 1855 bellum
1269 1816 1597 1856 committerent
1621 1832 1717 1856 cum

233 1903 299 1936 eo,
331 1885 452 1926 nullo
481 1884 609 1925 modo
631 1900 706 1924 eos
728 1883 838 1924 velle
861 1883 1063 1937 starelvel
1094 1892 1363 1940 exspectare,
1392 1883 1504 1924 sieut
1529 1884 1716 1925 fecerant

233 1954 276 1995 in
307 1962 454 1994 monte
478 1951 739 2002 Parellensi‚
766 1951 841 1992 sed
868 1967 1041 2008 semper
1060 1952 1302 2007 procedere
1326 1959 1368 1991 et
1387 1967 1539 1993 omnes
1569 1952 1717 1992 hostes

233 2022 457 2069 occidere,
488 2020 554 2060 vel
582 2036 734 2060 omnes
762 2019 906 2060 occidi
941 2028 980 2059 ct
1018 2020 1240 2076 negotium
1270 2018 1507 2060 terminare
1539 2036 1545 2059 :
1573 2019 1719 2060 timuit

233 2091 373 2134 valde,
406 2099 446 2130 ct
476 2105 627 2129 omncs
660 2089 725 2128 sui
754 2087 1000 2128 recolentes
1026 2087 1230 2127 furiosam
1254 2087 1523 2128 invasionem
1555 2104 1717 2144 pauco—

234 2175 326 2199 rum
357 2156 720 2205 Flandrensium,
752 2163 955 2212 respectu
990 2164 1074 2195 tam
1110 2155 1281 2195 maximi
1321 2156 1555 2203 exercitus,
1594 2156 1715 2211 juxta

233 2235 448 2275 montem,
489 2233 530 2265 et
557 2223 864 2281 gravissimum
901 2223 1107 2263 damnum
1135 2239 1312 2263 suorum
1343 2223 1458 2279 quod
1496 2223 1554 2263 ibi
1584 2224 1715 2264 susti-

232 2303 434 2343 nuerant,
460 2292 588 2333 simul
609 2293 736 2332 etiam
761 2291 1008 2348 cogitantes
1036 2290 1266 2331 maximum
1292 2291 1534 2347 periculum
1561 2300 1602 2332 et
1626 2292 1716 2332 (lis-

231 2362 442 2420 pendium
478 2360 559 2401 toti
607 2375 742 2417 regno
782 2359 965 2400 Francie
1003 2358 1249 2407 imminere,
1291 2359 1324 2398 si
1364 2358 1590 2399 victoriam
1631 2375 1712 2399 non

231 2430 500 2478 obtinerent,
532 2429 723 2468 virorum
757 2426 1039 2484 prudentium
1069 2426 1275 2475 consilio,
1308 2426 1509 2483 petitioni
1540 2436 1581 2467 et
1607 2427 1713 2467 allo-

230 2498 396 2539 cutioni
443 2497 496 2537 de
525 2512 630 2553 paee
665 2496 851 2552 prebere
886 2511 1011 2535 aures
1048 2494 1313 2551 complacuit
1347 2495 1455 2551 regi.
1491 2496 1713 2536 Johanncs

229 2566 380 2624 igitur,
411 2565 497 2605 dux
527 2563 785 2612 Brabantic,
822 2564 895 2619 qui
926 2562 968 2602 in
1002 2563 1139 2619 prima
1168 2578 1322 2619 guerra
1360 2579 1455 2602 cum
1485 2563 1709 2608 (luidone,

230 2651 306 2674 avo
336 2649 413 2674 suo
442 2648 493 2672 ex
522 2640 643 2688 parte
674 2631 839 2676 matris,
867 2647 911 2670 se
934 2638 1148 2678 tenuerat,
1175 2629 1250 2670 sed
1274 2630 1326 2670 ile
1351 2631 1558 2677 sei-ulula,
1584 2647 1711 2686 quam

228 2701 511 2747 wilhelmus,
544 2716 680 2755 nepos
706 2715 808 2739 suus
838 2707 879 2738 et
902 2698 1103 2738 avunculi
1135 2699 1226 2753 ejus
1245 2714 1346 2755 erga
1376 2714 1522 2755 regem
1547 2699 1712 2739 habue-
