1856 2963
223 145 263 177 3ss
728 136 926 174 AxNALEs
949 135 1205 174 GANDENS‘E'S
1630 136 1709 173 1302

223 224 528 275 Curtracensi,
558 222 677 280 quod
711 221 861 263 auditu
897 220 1094 262 mirabile
1125 229 1207 272 est,
1243 221 1314 262 vix
1347 223 1522 262 centum
1552 220 1703 271 occisi,

223 288 347 333 multi
369 290 574 333 tamenin
598 307 649 332 eo
673 298 774 332 sunt
796 288 875 330 lesi
897 297 940 329 et
957 288 1188 330 vulnerati.
1215 290 1411 330 Instante
1433 288 1563 330 etiam
1588 287 1707 330 dicto

221 360 361 410 bello,
396 361 551 401 Petrus
587 360 678 400 Rex
726 366 871 399 textor
921 365 964 398 et
1002 356 1124 398 multi
1156 356 1253 407 alii,
1294 357 1348 398 de
1385 355 1545 414 quibus
1582 355 1705 414 prius

220 444 374 485 parum
399 427 661 484 sperabatur
682 425 799 483 quod
822 426 879 466 ita
905 425 966 466 eis
990 425 1204 475 eveniret,
1233 424 1394 466 milites
1423 423 1525 466 sacti
1556 424 1702 465 sunt1.

222 494 305 536 Pro
336 492 566 544 militibus,
592 493 666 551 qui
692 494 744 534 de
774 501 917 535 castro
946 509 991 534 se
1013 492 1307 544 tradiderunt,
1336 501 1379 533 et
1400 492 1475 549 qui
1499 499 1600 549 post
1617 491 1706 532 bel-

220 561 308 604 lum
331 564 374 604 in
404 579 557 620 campo
580 562 695 619 capti
721 570 848 612 sunt,
876 560 1000 602 multi
1026 559 1101 618 qui
1130 576 1226 602 cun}
1257 561 1417 602 comite
1440 560 1706 601 tenebantur

222 631 381 673 milites
404 630 448 672 in
479 629 752 688 captivitate,
786 629 1062 681 commutati,
1098 629 1142 669 in
1173 628 1426 670 Flandriam
1455 627 1566 669 insra
1595 627 1706 669 duos

220 699 285 740 vel
311 708 400 740 tres
427 715 599 740 menses
629 706 730 739 sunt
760 696 939 738 reversi.

279 768 385 809 Post
430 766 593 808 bellum
640 767 932 807 Curti-acense
978 765 1089 805 infra
1135 763 1421 822 quindenam,
1457 763 1702 814 Johannes,

219 852 366 887 comes
395 834 726 883 Namurcensis,
757 832 1081 891 primogenitus
1107 832 1326 874 Gnidonis
1354 831 1525 873 comitis
1556 848 1609 873 ex
1636 848 1704 872 se-

220 903 361 945 cunda
383 919 534 953 uxore,
566 902 619 943 de
651 903 773 958 cujus
800 900 986 942 consilio
1015 909 1056 941 et
1084 899 1296 941 instinctu
1330 898 1475 941 onmia
1505 899 1704 956 predicta

219 979 471 1029 perpetrata
499 979 602 1011 sunt
628 995 683 1001 —-
712 977 805 1010 erat
833 969 948 1010 enin]
982 977 1150 1009 astutus
1175 967 1299 1009 valde
1323 994 1380 998 ——
1402 968 1456 1009 de
1482 977 1599 1008 terra
1629 984 1703 1008 sua

218 1039 336 1080 venit
372 1040 415 1080 in
448 1037 720 1085 Flandriam,
759 1046 801 1078 et
834 1053 855 1077 a
894 1035 1157 1094 Flamingis,
1195 1036 1292 1077 loco
1335 1035 1472 1093 patris
1502 1035 1591 1086 sui,
1625 1052 1704 1093 pro

218 1109 420 1165 principe
439 1115 648 1164 tanquam
671 1106 820 1162 senior
842 1104 957 1146 filius
980 1113 1185 1161 receptus
1202 1112 1281 1146 est.
1306 1104 1528 1146 Johannes
1550 1103 1701 1162 igitur,

219 1175 365 1217 Guido
400 1184 442 1217 et
471 1174 752 1224 NVilhelmus,
787 1181 1012 1230 assumpto
1049 1188 1196 1213 secum
1230 1188 1389 1231 magno
1423 1170 1617 1213 exercitu
1649 1171 1704 1213 de

218 1244 332 1285 villis
362 1252 404 1284 et
428 1242 482 1284 de
514 1242 751 1283 territoriis
777 1240 1003 1284 Gandensi
1033 1249 1074 1281 ct
1101 1240 1291 1296 Yprensi
1319 1266 1374 1271 —
1400 1238 1704 1297 Brugensibus

220 1310 402 1361 relictis,
433 1327 484 1352 co
518 1310 636 1368 quod
662 1309 705 1350 in
744 1309 978 1350 obsidione
1012 1307 1142 1349 castri
1179 1306 1485 1349 Curti-acensis
1516 1315 1558 1348 et
1587 1307 1704 1349 bello

220 1381 402 1421 multum
438 1378 764 1428 laboraverant,
792 1393 1059 1435 magnasque
1083 1376 1275 1417 fecerant
1299 1392 1530 1432 expensas,
1557 1385 1598 1416 et
1622 1374 1704 1418 alie

218 1447 334 1489 dicte
367 1447 467 1488 ville
505 1446 647 1487 adhuc
683 1446 807 1503 quasi
836 1444 947 1486 nihil
983 1461 1061 1501 pro
1097 1442 1255 1485 comite
1292 1444 1487 1485 fecerant
1511 1469 1567 1475 —-
1590 1444 1702 1484 circa

218 1516 348 1557 finem
371 1514 471 1556 Julii
498 1523 687 1555 castrum
717 1523 760 1555 et
785 1513 929 1554 villam
962 1512 1237 1555 insulensem
1267 1512 1554 1563 obsederunt,
1586 1511 1703 1552 sorti-

216 1592 284 1626 ter
309 1592 541 1640 utrumque
562 1590 888 1640 oppugnantes.
917 1584 961 1622 ln
987 1597 1069 1638 qua
1097 1581 1429 1638 oppugnatione
1459 1588 1636 1621 strenue
1658 1597 1703 1621 se

217 1651 440 1693 habebant
474 1649 678 1699 Liliardi,
710 1648 782 1706 qui
818 1648 860 1690 in
899 1649 1102 1690 Flandria
1140 1656 1464 1698 remanserant3
1500 1647 1558 1689 ita
1587 1648 1702 1689 enim

217 1736 290 1761 eos
317 1718 565 1777 oportebat,
595 1716 628 1759 si
655 1717 840 1775 gratiam
870 1716 1120 1773 principum
1150 1715 1312 1757 habere
1339 1715 1517 1757 vellent.
1546 1715 1701 1757 Franci

217 1798 377 1838 antem,
401 1788 475 1844 qui
504 1795 629 1828 erant
661 1785 701 1826 in
736 1794 895 1835 castro,
924 1793 967 1825 ct
996 1786 1181 1840 majores
1212 1783 1489 1834 Insuleuses,
1522 1783 1596 1841 qui
1622 1800 1702 1841 pro

217 1858 381 1913 majore
418 1863 541 1913 parte
579 1853 755 1896 Liliardi
802 1862 951 1902 erant,
1000 1852 1156 1893 timore
1206 1851 1435 1901 concussi,
1480 1851 1612 1893 feroci
1660 1860 1702 1893 et

216 1924 367 1966 audaci
394 1923 558 1965 insultu
587 1922 796 1972 hostium,
823 1921 1000 1978 quibus,
1029 1929 1075 1962 ut
1102 1919 1208 1961 certi
1239 1928 1380 1970 erant,
1410 1919 1701 1961 communitas

217 1991 457 2035 lnsulensis
491 1991 676 2042 favebat,
711 1990 764 2031 ad
793 1991 1037 2031 Johannein
1068 1988 1248 2029 mittunt
1277 1988 1561 2038 mediatores,
1593 1987 1700 2029 offe-

216 2070 382 2111 rentes,
422 2069 610 2101 castrum
643 2067 684 2099 et
712 2058 856 2099 villam
882 2073 927 2098 se
959 2057 1068 2098 velle
1092 2056 1129 2097 ei
1154 2056 1341 2097 reddere
1365 2056 1480 2097 circa
1507 2056 1700 2097 medium

214 2129 419 2188 Augusti,
445 2128 477 2168 si
503 2135 602 2167 ante
632 2126 797 2167 dictum
819 2134 993 2181 teinpus
1017 2142 1035 2165 a
1065 2141 1166 2182 rege
1197 2141 1282 2165 non
1307 2133 1492 2181 possent
1522 2141 1700 2166 succur-

214 2213 307 2239 sum
330 2205 372 2237 et
390 2195 595 2236 auxilium
620 2193 819 2235 obtinere
839 2211 846 2243 ;
870 2210 917 2234 ea
940 2193 1070 2233 etiam
1091 2191 1362 2244 conditione,
1387 2193 1506 2250 quod
1527 2209 1697 2240 omnes,

214 2264 287 2322 qui
323 2264 376 2305 de
411 2272 555 2305 castro
590 2271 631 2303 et
662 2261 760 2302 villa
796 2270 900 2302 tunc
938 2260 1131 2301 vellent‘2
1160 2260 1278 2301 exire
1307 2269 1348 2301 et
1384 2277 1428 2302 se
1464 2277 1560 2302 cum
1598 2278 1699 2319 rege

253 2458 282 2487 1.
308 2457 370 2486 Les
389 2466 502 2486 urmes
518 2455 558 2484 dc
578 2455 610 2485 P.
633 2453 760 2484 Coninr
777 2455 887 2483 sui-ent
906 2462 911 2484 ;
934 2464 947 2480 (ι
964 2453 1003 2482 (le
1020 2452 1144 2493 guenilo
1161 2464 1178 2482 a
1192 2452 1224 2482 la
1241 2452 1334 2482 croix
1352 2453 1425 2482 d'or
1444 2455 1698 2494 accompagnee

213 2498 252 2528 de
272 2503 393 2539 quatre
414 2507 605 2526 couronncs
625 2498 643 2526 a
662 2496 746 2525 trois
770 2497 920 2524 Πρω-ους
935 2494 975 2524 de
989 2496 1107 2523 infime.
1132 2506 1145 2523 »
1166 2494 1221 2524 Cri
1243 2504 1248 2523 :
1276 2493 1458 2524 l'laendren
1479 2493 1534 2524 dt'e
1557 2492 1648 2526 Leeiv.

253 2542 280 2570 2.
308 2541 355 2569 En
374 2544 425 2569 cet
441 2538 575 2568 endroit
594 2538 624 2567 le
642 2541 730 2567 texte
748 2541 799 2566 est
813 2546 1017 2576 rorrompu3
1038 2537 1067 2566 le
1084 2546 1146 2565 ms..
1168 2535 1207 2565 de
1223 2536 1320 2565 Gand
1340 2540 1436 2576 porte
1453 2548 1467 2565 «
1484 2539 1597 2566 castro
1617 2541 1698 2567 tunc

212 2592 277 2611 non
298 2581 424 2611 vellent
442 2580 531 2609 exiro
557 2591 570 2608 η
591 2584 623 2609 61
650 2579 725 2609 1“ιῖ·(1,
755 2579 795 2607 (le
821 2578 1048 2617 Hainbourg:
1072 2590 1085 2605 «
1106 2577 1186 2606 villa
1210 2580 1289 2606 tunc
1319 2578 1450 2607 nollent
1476 2579 1579 2607 exire.
1610 2589 1623 2605 n
1651 2578 1697 2608 La

211 2623 306 2661 lecon
331 2622 505 2652 ci—dessus
531 2626 582 2651 cst
603 2620 747 2661 adoptee
778 2630 841 2659 par
871 2620 916 2648 De
948 2620 1041 2648 Smet
1068 2623 1099 2648 ct
1125 2619 1371 2659 Lappenberg;
1398 2624 1483 2649 cette
1520 2620 1615 2658 locon
1646 2624 1697 2649 est

211 2664 388 2694 d'ailleurs
404 2664 588 2692 confirmce
607 2662 705 2691 d¹uuc
731 2660 882 2690 maniere
903 2660 1038 2700 precise
1057 2671 1121 2700 par
1136 2661 1165 2689 le
1185 2664 1272 2690 texte
1290 2660 1335 2690 du
1360 2660 1461 2691 traite
1476 2660 1540 2691 cite
1558 2661 1644 2691 dans
1664 2661 1695 2691 la

212 2710 288 2737 note
310 2705 479 2735 suivante.
