1856 2963
281 151 322 185 66
787 149 984 189 ANNALES
1010 158 1266 190 GANDENSES
1687 155 1767 193 1304

282 232 440 274 denses
487 249 583 275 cum
631 235 693 276 eis
739 234 902 276 bellum
959 235 1250 288 committere,
1302 237 1419 293 quod
1471 237 1765 280 Flandrenses

280 300 574 342 libentissime
602 302 832 353 vidissent,
864 304 1032 346 nollent
1065 322 1072 345 :
1096 304 1359 346 necessitate
1383 305 1618 362 compulsi,
1650 307 1762 348 salva

279 368 365 410 vita
390 377 433 410 et
456 369 681 420 membris,
704 371 958 422 wilhelmo,
985 372 1074 413 filio
1092 371 1265 414 comitis
1288 372 1500 414 Johannis
1522 382 1565 415 et
1584 374 1763 415 Hollan-

279 437 492 478 deusibus
521 454 566 479 se
589 438 895 491 tradiderunt3
927 440 1002 497 qui
1025 456 1098 482 eos
1121 440 1415 498 suscipientes
1442 450 1484 482 et
1512 442 1555 482 in
1579 441 1764 484 diversis

278 506 432 547 castris
461 514 504 546 et
540 505 648 547 locis
687 506 823 548 firmis
866 508 1134 549 collocantes
1181 508 1225 549 in
1271 508 1467 566 prisione
1510 509 1761 551 crudeliusl

277 589 406 630 quam
430 573 1074 617 credideranttractaveruntff.

335 642 481 683 Guido
502 651 645 684 autem
668 643 712 683 in
736 643 857 684 brevi
883 653 984 700 post
1004 643 1168 685 dictum
1194 643 1358 685 bellum
1386 643 1429 685 in
1451 647 1679 687 Franciam
1709 646 1762 687 ab

275 710 519 751 admiraldo
536 727 633 752 cum
650 711 828 769 galeriis
848 728 927 768 per
948 728 1067 753 mare
1088 711 1183 770 regi
1205 711 1403 768 captivus
1432 713 1648 755 adductus
1676 723 1758 757 est.

275 780 366 820 Hoc
387 779 569 820 verbum
592 779 849 836 philosophi
872 788 915 821 et
943 779 986 820 in
1009 781 1092 821 hoc
1116 779 1229 821 facto
1250 780 1362 821 bene
1383 790 1447 822 est
1472 782 1758 832 verificatum,

274 847 462 888 dicentis
489 864 496 887 ε
521 848 708 889 Iuvenes
735 864 858 889 nemo
882 849 1000 905 eligi(
1017 851 1059 889 in
1087 849 1234 902 (luces,
1260 863 1308 889 eo
1331 850 1447 906 quod
1475 866 1558 890 non
1593 860 1762 891 constat

273 933 342 956 eos
370 932 460 957 esse
479 916 731 972 prudentes.
756 916 995 957 Prudentia
1017 916 1150 966 enim,
1179 932 1262 973 que
1288 916 1425 957 virtus
1448 925 1514 958 est
1539 926 1582 959 et
1604 918 1757 968 forma,

274 983 362 1025 sive
388 984 521 1025 decor
550 984 780 1025 moralium
800 983 1027 1034 virtutum,
1060 985 1413 1042 magnanimitati
1442 993 1485 1026 et
1511 986 1760 1028 fortitudini

273 1051 490 1093 (luidonis
512 1051 556 1092 in
582 1051 723 1093 tribus
744 1051 924 1103 defecit,
951 1052 1065 1093 sicut
1085 1052 1234 1093 multis
1259 1061 1302 1093 et
1326 1053 1432 1094 mihi
1457 1053 1610 1094 itidem
1641 1054 1758 1095 vide-

272 1120 401 1161 batur
433 1137 439 1160 :
466 1119 609 1177 primo
636 1120 679 1160 in
710 1120 811 1170 hoc,
847 1120 965 1177 quod
1001 1120 1224 1161 Johannes
1260 1120 1394 1161 frater
1424 1137 1527 1162 suus
1561 1130 1604 1162 et
1640 1122 1756 1178 ipse,

271 1204 367 1229 cum
396 1188 602 1229 audirent
630 1196 716 1228 tam
744 1196 970 1244 potentem
1009 1203 1178 1245 regem,
1214 1187 1326 1228 sicut
1358 1205 1431 1229 rex
1456 1197 1521 1229 est
1551 1190 1755 1239 Francie,

269 1273 419 1297 versus
448 1256 700 1298 Flandriam
723 1256 894 1306 venire,
927 1264 969 1296 et
995 1264 1172 1313 treugas
1199 1271 1296 1297 cum
1319 1256 1559 1299 wilhelmo
1587 1266 1629 1298 et
1654 1258 1756 1299 Hol-

269 1324 558 1366 landensibus
613 1325 665 1365 ad
700 1333 874 1381 tempus
915 1324 1020 1365 satis
1063 1323 1243 1381 longum
1286 1325 1450 1366 habere
1490 1325 1754 1381 potuissent,

269 1393 387 1451 quod
413 1409 484 1434 eas
513 1409 599 1434 non
633 1392 853 1443 inierunt3
883 1408 967 1433 non
1001 1400 1067 1432 est
1100 1393 1217 1432 enim
1244 1401 1401 1448 potens
1431 1409 1505 1433 rex
1536 1393 1603 1434 vel
1634 1394 1757 1450 prin-

269 1478 370 1518 ceps
394 1462 436 1502 in
464 1461 628 1518 populo
657 1460 916 1511 christiano,
943 1460 1034 1517 qui,
1066 1460 1100 1501 si
1137 1460 1364 1501 obsideret
1392 1461 1579 1518 aliquam
1612 1461 1755 1502 villam

267 1530 333 1571 vel
363 1529 581 1570 civitatem
623 1528 737 1583 regis
780 1528 985 1577 Fraude,
1026 1528 1093 1569 vel
1134 1527 1319 1585 alicujus
1352 1528 1568 1586 principis
1608 1546 1755 1570 secum

267 1597 554 1646 confederati,
581 1607 623 1638 et
645 1606 804 1637 terram
834 1596 1049 1653 principis
1076 1595 1322 1636 obsidentis
1346 1596 1489 1637 dietus
1518 1613 1592 1638 rex
1618 1596 1754 1638 intra-

267 1675 331 1707 ret
355 1682 451 1707 cum
476 1674 565 1706 tota
587 1664 785 1722 potentia
811 1680 902 1714 sua,
928 1673 971 1704 ut
993 1680 1084 1705 eam
1111 1663 1362 1704 destrueret
1384 1672 1425 1705 et
1448 1664 1750 1722 impugnaret,

267 1734 372 1792 quin
411 1735 506 1775 sinc
547 1732 806 1774 confusione
853 1741 895 1773 et
940 1732 1160 1773 dedecore
1198 1740 1363 1788 posset,
1411 1741 1451 1773 et
1490 1733 1618 1773 etiam
1657 1749 1752 1774 cum

264 1803 448 1852 honore,
479 1801 755 1842 obsidionem
783 1800 1035 1858 relinquere
1071 1809 1113 1841 et
1148 1815 1395 1849 occurrere,
1427 1816 1523 1840 cum
1549 1802 1752 1842 omnibus

267 1871 351 1911 sibi
388 1869 706 1911 adherentibus
748 1868 843 1927 regi
884 1877 969 1909 tam
1011 1868 1207 1926 potenti3
1239 1893 1295 1898 —
1328 1868 1522 1909 secundo
1558 1869 1598 1909 in
1643 1869 1748 1920 hoc,

265 1938 384 1996 quod
405 1947 555 1979 contra
581 1937 814 1978 consilium
837 1935 982 1977 fratris
1008 1935 1072 1976 sui
1097 1944 1139 1976 et
1162 1937 1420 1992 peritorum,
1443 1935 1585 1976 villam
1604 1936 1751 1977 fortis-

265 2007 418 2048 simam
453 2005 679 2048 obsidcns,
716 2005 846 2045 etiam
887 2006 1039 2045 hostes
1080 2020 1158 2061 per
1195 2020 1310 2045 mare
1344 2004 1528 2053 invasit3
1565 2004 1600 2044 si
1635 2004 1751 2045 enim

264 2091 393 2117 naves
438 2090 536 2115 suas
573 2075 758 2130 majores
790 2089 940 2113 versus
980 2081 1138 2113 terram
1181 2081 1222 2112 et
1260 2071 1383 2113 littus
1423 2071 1668 2130 colligatas,
1707 2072 1748 2112 in

265 2152 475 2200 quantum
500 2141 591 2182 fieri
615 2149 802 2198 poterat,
825 2141 1092 2189 attraxisset,
1119 2156 1354 2197 numquam
1376 2140 1524 2180 hostes
1546 2140 1609 2181 sui
1634 2156 1747 2189 eum,

266 2211 348 2252 nisi
370 2227 465 2252 cum
498 2209 685 2250 maximo
709 2209 907 2266 periculo
930 2209 1180 2265 potuissent
1203 2208 1431 2255 invadere,
1466 2208 1564 2264 quia
1602 2224 1747 2249 secum

1098 2302 1121 2309 q

304 2355 329 2384 ¹1.
358 2353 440 2383 Bien
460 2363 523 2392 que
555 2353 583 2381 le
610 2362 672 2380 ms.
697 2351 736 2379 dc
764 2350 910 2381 Gaudet
936 2350 1011 2379 l'ed.
1041 2350 1080 2379 dc
1103 2349 1306 2389 llambourg
1323 2353 1460 2389 portent
1488 2361 1502 2377 «
1531 2349 1698 2379 curialius
1718 2362 1745 2386 η,

262 2394 283 2425 11
307 2398 375 2425 saut
397 2395 458 2424 liro
475 2404 554 2423 sans
577 2393 705 2423 hes-iter
726 2406 737 2418 α
757 2392 931 2421 crudelius
953 2406 979 2421 n.

302 2440 330 2467 2.
358 2437 400 2466 Le
420 2435 579 2464 1111110111(1
596 2439 647 2464 est
663 2435 731 2464 tr'es
748 2437 960 2463 exactenwnt
977 2432 1168 2469 renscigne.
1190 2432 1397 2466 Guillaume,
1415 2437 1524 2462 ronne
1540 2432 1580 2461 dr
1598 2432 1744 2462 llainaul

261 2479 351 2509 etde
370 2476 548 2511 Hollande,
569 2480 665 2514 regat
683 2476 732 2505 les
747 2475 932 2504 Flamands
952 2477 969 2503 ’(1
991 2474 1106 2507 merci,
1124 2484 1188 2513 pai·
1206 2473 1303 2503 lettre
1320 2474 1363 2503 1111
1387 2475 1517 2503 15110111
1541 2474 1615 2503 1304
1636 2485 1674 2513 Ns.
1696 2475 1715 2504 1.
1731 2489 1744 2505 ¹.

261 2521 486 2558 s'engagrant
503 2520 521 2547 a
542 2529 581 2546 ne
600 2528 662 2557 pas
682 2517 730 2546 les
749 2516 912 2545 rouduire
932 2516 1011 2545 hors
1031 2516 1070 2544 de
1090 2516 1122 2544 la
1138 2515 1283 2544 Zelande
1302 2526 1343 2544 ou
1363 2515 1402 2544 de
1425 2515 1456 2544 la
1479 2515 1646 2544 Hullande
1671 2519 1703 2544 et
1727 2518 1744 2544 a

259 2562 307 2591 les
327 2558 415 2591 senii·
434 2571 472 2590 en
492 2559 663 2588 courtoisc
682 2558 855 2598 captivite.
873 2558 1004 2586 chacun
1025 2557 1118 2587 selon
1139 2567 1197 2585 son
1219 2567 1324 2597 rang;
1345 2557 1477 2585 (l'aulrc
1497 2560 1584 2596 part,
1602 2568 1642 2585 on
1664 2556 1743 2587 voih

258 2615 322 2643 par
346 2603 405 2632 des
424 2602 541 2631 lettres
572 2611 636 2640 quc
664 2600 695 2629 la
729 2599 806 2628 ville
834 2599 873 2628 de
899 2599 1028 2638 Bruges
1057 2597 1160 2627 srcllu
1182 2598 1211 2626 le
1238 2598 1274 2626 ‘12
1300 2602 1364 2627 ort.
1389 2598 1464 2627 1:306
1481 2598 1591 2637 (publ.
1613 2609 1677 2638 par
1700 2598 1744 2627 De

260 2648 364 2677 511101,
400 2645 460 2672 loc.
487 2644 568 2680 eiu),
598 2653 662 2681 que
692 2642 740 2670 lc>-
775 2641 989 2680 prisonnivrs
1018 2639 1202 2668 l³1ama=1ds
1228 2650 1262 2668 se
1290 2640 1502 2679 plaignirent
1534 2639 1666 2668 (l'avoir
1693 2641 1744 2668 ete

258 2686 483 2715 cruellvment
502 2683 692 2712 maltraitrsss*
712 2687 728 2711 a
752 2681 873 2721 Leyde,
900 2684 918 2710 a
941 2681 1162 2710 Ysselmonde
1188 2685 1219 2709 et
1239 2692 1278 2710 en
1301 2681 1450 2711 (l'autres
1476 2681 1575 2711 villes
1598 2680 1637 2710 de
1660 2681 1742 2710 Hol-

257 2728 369 2758 lande.
390 2728 434 2757 Le
453 2725 612 2756 minorite
631 2725 858 2764 μαι-1111111011
877 2734 987 2752 connu
1007 2734 1061 2752 ces
1079 2726 1184 2752 actes.
