1856 2963
238 145 278 173 sio
741 145 937 175 ANNALES
962 147 1219 177 ‹JANDENSES
1642 151 1722 181 1302

237 223 343 264 Nam
366 222 610 272 JohanneS‚
645 222 791 264 Guido
814 231 856 264 et
878 223 1143 267 XVilhelmus
1169 241 1270 266 suos
1302 225 1508 282 precibus
1537 236 1578 268 et
1601 228 1720 269 blan-

238 289 305 330 dis
328 291 606 331 sermonibus
633 291 684 331 ad
713 291 951 346 jacendum
980 292 1200 333 stabiliter
1221 293 1505 345 induxerunt,
1537 311 1716 352 eosque,

237 374 334 399 cum
369 358 493 415 equis
520 358 609 399 suis
648 360 895 400 necessaria
933 360 1176 401 deficerent
1203 361 1427 412 victualia,
1459 378 1543 419 que
1570 363 1721 421 vulga-

237 426 343 466 riter
371 426 534 484 foragia
554 435 778 477 vocantur,
812 427 865 467 ad
888 427 1019 468 alium
1044 427 1188 469 locum
1218 436 1357 470 tutum
1376 431 1497 485 juxta
1526 430 1719 481 Felines‚

236 501 279 534 et
312 493 369 534 ita
396 494 695 551 propinquum
734 494 826 552 regi
861 494 973 536 sicut
1009 496 1220 552 priorem,
1257 496 1552 539 adduxerunt.
1597 500 1720 539 Juxta

235 576 362 617 quem
387 562 491 602 satis
516 561 649 602 multa
677 561 880 603 victualia
897 571 1102 619 poteraut
1124 563 1321 605 iuvenire
1345 573 1387 606 et
1407 566 1535 606 etiam
1561 566 1718 607 minori

237 645 419 670 numero
446 629 661 670 residere.

295 698 342 737 In
389 713 476 753 quo
522 697 619 738 loco
662 697 771 738 sacta
819 707 885 738 est
926 698 1128 755 aliqualis
1173 699 1393 740 dissensio
1435 700 1478 741 in
1527 701 1719 742 exercitu

233 764 514 806 Flandrensi.
556 765 822 808 VVilhelmus
847 765 962 807 enim
989 767 1253 809 Juliacensis
1286 777 1330 809 et
1355 769 1478 810 multi
1508 770 1561 811 de
1597 786 1721 811 exer—

236 832 323 873 citu
373 834 578 874 ominbus
629 833 770 874 modis
808 836 1001 875 Francos
1050 843 1093 876 et
1136 852 1283 893 regem
1324 836 1556 878 voluerunt
1602 838 1721 878 inva-

236 900 338 941 dere
368 909 410 941 et
442 901 572 942 finem
611 901 754 942 faeere
787 901 840 942 de
873 903 1073 959 negotio.
1106 903 1221 943 unde
1248 912 1290 944 ct
1324 920 1405 962 ego
1434 905 1520 946 vidi
1545 914 1718 962 pontem

235 969 467 1025 quemdam
499 970 657 1010 sactum
682 986 814 1026 super
838 986 966 1011 naves
995 970 1209 1028 quinque,
1236 972 1477 1014 factitatum
1504 973 1556 1014 ad
1579 973 1721 1015 latitu-

236 1036 383 1077 dinem
402 1037 580 1078 circiter
599 1037 781 1096 trigiuta
806 1038 984 1095 pedum,
1016 1048 1060 1080 ut
1079 1056 1157 1096 per
1173 1056 1270 1081 eum
1302 1042 1521 1082 exereitus
1545 1041 1720 1082 fluvium

235 1105 467 1162 quemdam
486 1106 511 1154 ¹,
538 1105 613 1163 qui
636 1107 751 1147 venit
775 1106 828 1159 dc
854 1108 1002 1147 Duae«)
1018 1123 1169 1148 versus
1192 1109 1384 1156 Felines‚
1409 1110 1718 1166 pertransiret:

236 1172 311 1213 sed
338 1173 560 1214 Johaunes
587 1183 628 1214 et
657 1173 803 1215 Guido
833 1183 874 1215 et
907 1175 1055 1231 plures
1084 1174 1155 1216 alii
1195 1177 1437 1233 prudentes
1464 1186 1504 1218 et
1533 1179 1718 1234 experti,

236 1241 316 1281 hoc
352 1241 575 1291 nolentes,
618 1242 971 1299 prevalueruntf.

296 1310 445 1365 Itaque
479 1310 592 1350 cirea
625 1310 755 1351 linem
789 1311 952 1351 mensis
993 1312 1292 1368 Septembris,
1331 1329 1404 1353 rex
1435 1321 1477 1353 et
1504 1312 1722 1354 exercitus

236 1393 357 1425 suus,
383 1393 477 1418 cum
496 1377 611 1418 inter
631 1379 825 1436 quinque
843 1388 884 1419 et
898 1396 973 1420 sex
989 1380 1258 1436 septimanas
1284 1380 1326 1421 in
1345 1380 1538 1423 Yitriaco
1552 1389 1593 1421 et
1609 1380 1721 1422 circa

231 1446 491 1502 jacuissent,
518 1445 828 1487 deficientibus
847 1446 908 1487 eis
926 1448 1187 1488 victualibus
1210 1465 1289 1504 pro
1310 1449 1433 1505 equis
1449 1475 1504 1479 —
1523 1465 1721 1490 eonsum-

239 1522 415 1569 pserant
437 1514 551 1554 euim
576 1515 719 1555 omnia
746 1516 926 1571 foragia,
955 1532 1038 1572 que
1064 1532 1141 1573 per
1170 1516 1321 1557 decem
1348 1517 1546 1557 milliaria
1572 1533 1721 1558 versus

235 1581 463 1622 Franciam
497 1590 537 1622 et
576 1582 817 1623 Hanouiam
855 1592 1058 1639 poterant
1089 1584 1274 1625 inveniri
1315 1611 1371 1615 —
1404 1601 1499 1625 eum
1539 1584 1720 1626 maxima

236 1649 496 1689 confusione
526 1649 579 1690 de
608 1650 726 1690 dicto
756 1650 851 1691 loeo
882 1660 1160 1692 recesserunt
1189 1660 1232 1692 ct
1257 1652 1538 1709 aufugerunt,
1564 1652 1722 1709 aliqui-

236 1717 317 1757 bus
373 1717 601 1758 indomitis
660 1718 901 1775 fflamingis
946 1728 1097 1759 contra
1153 1719 1417 1760 voluntatem
1471 1719 1721 1777 principum

238 1800 415 1825 suorum
446 1801 519 1825 eos
550 1786 906 1843 insequentibus,
940 1786 1013 1844 qui
1040 1786 1135 1827 vina
1168 1796 1210 1828 et
1245 1787 1424 1831 cibaria,
1452 1804 1534 1844 que
1564 1789 1721 1829 Franci

237 1868 314 1909 pre
345 1852 626 1894 festinatione
662 1854 760 1910 suge
785 1870 932 1894 secum
961 1854 1133 1895 deferre
1175 1855 1432 1912 nequibant,
1461 1864 1723 1896 voraverunt

238 1931 280 1964 et
328 1934 582 1980 rapuerunt.
631 1925 926 1966 Flandreuses
973 1936 1116 1966 autem
1166 1925 1391 1966 redeundo
1443 1925 1495 1966 ad
1542 1927 1720 1982 propria

238 1993 484 2033 'fornacum
514 1992 654 2033 tribus
689 1993 844 2033 diebus
873 1993 1159 2043 obsederunt,
1190 1993 1346 2034 damna
1381 1993 1568 2050 plurima
1605 1994 1721 2036 dicte

239 2060 399 2100 civitati
425 2061 765 2118 circumquaque
789 2061 1044 2102 inserentes.
1076 2064 1217 2117 Ipsam
1240 2070 1401 2111 tamen,
1429 2061 1510 2102 uisi
1533 2061 1720 2119 longiori

238 2136 434 2183 tempore
465 2127 685 2169 sedissent
720 2130 832 2169 eirca
857 2145 967 2179 eain,
1000 2145 1086 2170 non
1119 2138 1323 2186 poterant
1351 2129 1574 2178 oblinci-(¹3
1609 2131 1722 2171 unde

239 2195 397 2235 bellico
431 2196 619 2237 tumultu
667 2197 813 2237 lassati
867 2213 913 2237 ac
964 2198 1168 2254 expensis
1210 2197 1408 2237 maximis
1458 2213 1536 2253 per
1586 2206 1718 2239 totam

238 2271 419 2304 estatem
460 2266 723 2321 pi‘eg1²a*·'ati‚
763 2281 854 2305 cam
901 2265 1199 2322 reliquenunt,
1240 2264 1282 2305 in
1318 2265 1600 2306 tabernacula
1646 2282 1718 2306 sua

239 2340 523 2373 revertentes.

299 2400 447 2440 Hieme
475 2400 721 2457 seqiienti³‚
749 2417 821 2441 rex
854 2400 1011 2441 multos
1034 2401 1265 2441 solidarios
1292 2400 1462 2457 equites
1487 2410 1527 2442 ct
1548 2401 1720 2459 pedites

281 2539 306 2567 l.
334 2539 378 2568 La
398 2540 480 2568 Suu·
494 2550 535 2568 w.

277 2581 304 2609 9..
331 2580 395 2609 Des
412 2551 528 2609 leudes
542 2580 581 2609 de
598 2581 702 2610 Guill.
719 2580 758 2609 de
776 2581 916 2615 Juliers,
934 2592 1054 2609 encore
1073 2580 1228 2617 ineditos,
1249 2583 1451 2610 eouservees
1471 2592 1534 2610 aux
1554 2581 1718 2610 Arc-luves-

236 2621 276 2650 de
294 2622 323 2650 la
345 2622 423 2650 ville
447 2622 487 2651 de
516 2622 659 2659 Bruges.
686 2622 896 2662 tenioignenl
926 2622 983 2650 des
1009 2622 1267 2651 dissentiiuenls
1287 2622 1342 2661 qui
1370 2623 1580 2658 §elmi-rent,
1600 2624 1618 2652 ξι
1635 2626 1719 2652 celle

235 2664 377 2703 epoque,
398 2668 492 2692 entre
511 2664 616 2693 Guill.
637 2664 677 2692 de
692 2664 818 2693 Juliers
838 2668 869 2694 et
888 2664 934 2694 les
951 2664 1005 2694 fils
1029 2664 1068 2694 d«¹
1088 2664 1150 2695 [lui
1172 2664 1440 2706 ‹l‹·1):1==·1›i‹·=·1·‹·.

278 2708 306 2733 25.
334 2705 391 2735 Fin
417 2706 600 2735 1302-001111
626 2705 710 2735 1:34713.
