1856 2963
153 172 231 210 1303
657 179 854 211 ANNALES
879 180 1135 211 GANDENSES
1601 176 1636 213 51'

155 256 368 306 Hanonie,
400 257 737 306 concertabant3
769 257 884 298 unde
916 265 958 298 et
987 257 1238 300 Guidonem
1266 259 1475 300 clericum
1495 261 1523 311 ¹,
1555 262 1639 303 fra-

150 333 262 366 trem
282 324 510 375 Johannis,
535 321 579 365 in
606 325 797 381 quodam
817 325 949 375 bello,
982 325 1025 365 in
1049 341 1135 382 quo
1159 336 1283 368 erant
1303 327 1508 379 victores,
1541 345 1637 386 cap-

151 392 356 434 tivarunt.
401 394 557 433 Postea
593 401 739 433 tamen
777 392 958 433 cautelis
993 393 1132 449 ipsius
1177 395 1389 436 Johannis
1421 398 1635 452 preventi,

152 461 326 502 fratrem
355 477 480 501 suum
500 461 553 501 ab
576 460 638 501 eis
662 469 837 517 captum
863 460 946 500 sibi
974 461 1281 511 reddiderunt,
1307 472 1348 503 et
1368 463 1470 504 dolo
1500 464 1638 521 ipsius

156 527 329 585 decepti
357 554 413 558 —
435 528 488 569 de
512 544 597 585 quo
621 527 751 569 nimis
778 528 957 586 longum
981 538 1097 570 esset
1125 531 1338 580 scribere,
1365 557 1420 562 —
1450 533 1502 573 de
1526 541 1639 574 terra

154 612 228 637 sua
266 604 367 637 sunt
398 596 568 652 expulsi
604 605 646 637 et
677 596 805 637 bonis
843 596 967 652 quasi
999 597 1204 638 omnibus
1246 599 1438 654 spoliati.
1480 601 1563 654 Qui
1597 601 1638 642 in

152 672 315 705 terram
352 664 670 705 Flandrensem
696 663 930 721 fugientes,
966 681 1016 705 eo
1054 673 1268 721 tempore,
1301 683 1386 723 quo
1420 685 1493 709 rex
1520 670 1562 709 in
1594 686 1640 711 ea

154 731 406 772 immediate
438 732 763 781 dominabatur,
796 731 839 772 in
869 732 1056 789 quadam
1084 742 1207 789 parte
1242 735 1381 791 ipsius
1418 737 1638 788 Flandrie,

154 815 238 856 que
257 807 433 840 tenetur
457 816 475 840 a
500 816 603 857 rege
625 799 931 849 Alemannie‘3,
957 800 1153 856 quamvis
1177 811 1325 843 essent
1348 804 1519 845 nobiles
1542 806 1637 856 viri,

154 868 331 924 inopem
355 877 397 908 et
418 868 590 908 tristem
616 867 836 908 ducebant
859 867 1007 909 vitam.

216 937 323 976 Cum
359 944 503 976 autem
543 935 840 976 Flandrenses
869 952 972 993 erga
1003 952 1150 993 regem
1186 946 1228 978 et
1274 939 1464 980 Francos
1500 942 1643 997 cepis-

157 1012 254 1044 sent
285 1003 514 1053 rebcllare,
549 1011 590 1043 et
624 1003 770 1044 Guiclo
802 1005 1118 1047 Namurcensis
1142 1006 1184 1046 in
1210 1022 1256 1047 ea
1287 1007 1468 1049 veniens
1495 1026 1643 1050 versus

157 1072 415 1112 Curti-acum
450 1071 687 1112 exereitum
727 1071 930 1119 duceret,
964 1073 1130 1114 alacres
1166 1082 1207 1114 et
1235 1075 1350 1115 bone
1379 1077 1473 1132 spei
1499 1078 1641 1119 ell'eeti

159 1138 282 1186 multi
318 1138 526 1195 ipsorum,
575 1155 658 1180 non
701 1156 853 1180 omnes
888 1167 944 1171 —
976 1140 1091 1181 inter
1133 1157 1241 1198 qnos
1283 1144 1520 1201 precipuus
1553 1154 1646 1186 erat

158 1207 378 1247 Johannes
413 1207 466 1247 de
508 1207 710 1254 Renisse,
755 1207 1080 1249 valentissimus
1119 1218 1160 1250 et
1197 1210 1458 1253 fortissimus
1501 1213 1640 1266 miles,

158 1290 254 1315 cum
294 1274 502 1315 fratribus
540 1276 646 1323 suis,
680 1302 731 1306 —
762 1276 846 1332 ipsi
886 1276 1081 1317 Guisloni
1122 1278 1405 1329 adherentes,
1448 1282 1490 1321 in
1528 1282 1645 1323 bello

159 1343 438 1383 Curtraeensi
468 1343 712 1399 perieulum
730 1360 825 1385 curn
848 1360 898 1385 eo
923 1344 1168 1390 subierunt,
1196 1348 1501 1390 strenuissime
1531 1350 1573 1390 in
1596 1368 1646 1391 eo

158 1410 415 1467 preliantes
448 1411 534 1452 Sed
566 1411 695 1452 modo
726 1412 992 1453 unanimiter
1019 1429 1170 1454 omncs
1200 1431 1295 1455 cum
1333 1416 1428 1473 ipso
1454 1417 1646 1459 existen-

159 1486 223 1518 tes
250 1478 439 1519 victores
467 1478 519 1519 ad
552 1487 691 1520 terras
731 1489 771 1520 et
811 1481 1059 1521 mansiones
1099 1499 1196 1523 suas
1232 1484 1284 1523 ab
1318 1485 1411 1541 ipso
1447 1494 1489 1526 et
1518 1486 1647 1527 Flau-

160 1545 395 1586 drensibus
420 1555 521 1587 sunt
550 1546 758 1588 restituti.

221 1615 271 1654 Et
301 1614 546 1663 sciendum,
581 1615 699 1671 quod
737 1632 815 1672 per
848 1624 986 1657 totum
1028 1626 1201 1675 tempus
1241 1622 1522 1676 preteritum,
1562 1639 1647 1680 quo

162 1681 377 1738 Flamingi
405 1697 502 1723 cum
539 1699 639 1740 rege
676 1685 960 1741 guerrabant,
993 1702 1088 1726 cum
1115 1687 1300 1728 maximo
1334 1705 1487 1738 onere,
1530 1692 1648 1747 quod

161 1749 455 1799 sustinebant,
489 1767 663 1807 semper
687 1753 884 1808 oportuit
911 1753 1032 1794 littus
1061 1756 1291 1801 marinum,
1316 1774 1467 1799 versus
1496 1760 1650 1800 'kelan-

162 1817 276 1857 diam
296 1826 338 1858 et
361 1818 654 1868 Hollandiam,
681 1820 829 1861 multis
858 1820 961 1862 viris
990 1823 1167 1863 armatis
1194 1840 1290 1865 esse
1313 1828 1610 1881 premunitum
1640 1845 1646 1868 ε

162 1885 356 1942 alioquin
397 1886 691 1928 Zelandenses
730 1897 771 1928 et
819 1889 1156 1941 Ilollandenses,
1201 1893 1274 1949 qui
1318 1894 1483 1936 subditi
1527 1906 1651 1937 erant

163 1953 311 1994 comiti
340 1955 546 2004 Johanni,
577 1954 837 2012 gravissime
861 1956 1158 2000 infestassent.

223 2023 269 2062 In
305 2037 454 2061 mense
479 2022 611 2071 Maio,
646 2024 761 2064 venit
797 2024 1048 2082 Philippus,
1089 2028 1238 2082 junior
1272 2029 1385 2070 filius
1433 2032 1651 2073 (luidonis

163 2089 336 2130 comitis
366 2106 416 2129 ex
450 2090 589 2146 prima
620 2107 768 2141 uxore,
795 2092 847 2133 (le
875 2093 995 2134 Italia
1025 2110 1122 2135 eum
1154 2112 1285 2137 uxore
1308 2114 1399 2147 sua,
1429 2101 1650 2141 comitissa

164 2156 349 2197 duorum
379 2158 712 2210 comitatuum3,
748 2159 872 2200 miles
901 2161 1024 2202 sortis
1048 2179 1232 2220 corpore
1259 2173 1299 2205 et
1328 2167 1652 2223 imperterritus

164 2224 314 2267 corde,
355 2235 647 2283 receptusque
685 2236 748 2268 est
778 2244 799 2268 a
834 2229 1182 2272 Flandrensibus
1206 2249 1285 2289 pro
1309 2234 1526 2292 principe,
1553 2237 1651 2293 quia

165 2292 313 2333 senior
339 2302 431 2334 erat
450 2294 648 2336 Johanne
672 2303 714 2336 et
736 2295 957 2340 Gnidone.

225 2359 350 2401 Circa
377 2362 645 2419 principium
677 2363 793 2413 Julii,
847 2365 1095 2422 Philippus,
1148 2368 1385 2419 Johannes,
1427 2373 1573 2414 Guido
1615 2381 1654 2414 et

166 2427 447 2476 NVilhelmus,
482 2439 709 2472 contracto
754 2431 936 2488 copioso
974 2434 1166 2476 exercitu
1203 2436 1256 2477 de
1291 2445 1380 2478 tota
1431 2440 1651 2487 Flandria,

169 2543 1646 2562 Ἣ

208 2610 235 2638 1.
263 2610 326 2640 Gui
346 2611 541 2645 d'sxvesnvs,
568 2616 703 2643 numme}
722 2616 849 2654 eveque
870 2615 1045 2645 d'ljtreeht
1066 2617 1096 2646 le
1115 2618 1152 2646 *25
1173 2619 1255 2648 fevr.
1278 2621 1363 2650 1302.

208 2652 235 2680 ²2.
263 2652 307 2681 La
334 2652 478 2682 Flandro
508 2653 700 2694 imperiale,
727 2656 946 2686 0'est-i1-di1·c
972 2658 1003 2686 la
1026 2659 1137 2697 partie
1164 2660 1203 2689 (le
1228 2661 1261 2690 la
1288 2661 1434 2691 Flandre
1455 2662 1521 2693 sise
1544 2675 1602 2693 sur
1623 2666 1655 2694 la

169 2692 239 2721 rive
259 2693 369 2722 droite
393 2694 432 2723 de
453 2695 612 2725 l'liseaut.

208 2735 236 2765 3.
264 2735 324 2764 Les
344 2737 472 2764 comtes
492 2736 531 2765 de
550 2737 684 2766 Thiette
704 2742 735 2767 et
754 2738 793 2767 de
814 2739 985 2770 Lam-otte.
