1856 2963
172 180 251 211 1302
438 187 442 190 '
672 181 869 211 ANNALES
895 181 1152 212 GANDENSES
1618 185 1656 213 23

169 258 422 300 ternitatem
458 275 555 299 curn
596 258 908 299 communitate
953 259 1171 317 Brugensi
1203 261 1343 301 facere
1387 260 1565 310 vellent,
1612 261 1655 301 in

171 327 377 367 auxilium
400 326 630 383 utriusque
667 326 996 367 communitatis
1031 343 1170 384 prope
1207 343 1319 368 esse.
1355 328 1442 368 Sed
1474 327 1654 369 Liliardi

169 403 213 435 et
233 395 414 436 ditiores
431 395 484 436 de
504 396 816 436 communitate
840 395 881 436 in
904 404 1072 436 tantum
1096 396 1315 452 vulgares,
1341 405 1384 437 nt
1407 397 1654 453 predictum

169 471 251 513 est,
282 463 364 504 sibi
394 471 676 513 attraxerant,
705 463 821 520 quod
851 479 870 504 a
898 479 1002 520 rege
1027 463 1259 504 discedere
1284 464 1537 506 noluerunt.
1565 466 1654 505 Imo

167 530 252 587 ipsi
290 530 470 572 Liliardi
506 547 602 572 cum
640 531 798 572 ballivo
824 531 941 588 regis
968 533 1121 572 armati
1148 531 1292 572 villam
1319 533 1503 590 egressi,
1539 533 1654 573 acies

169 615 266 639 suas
289 599 563 647 ordinantes,
595 599 647 640 ad
677 599 929 640 bellandum
952 616 997 640 se
1026 609 1305 656 paraverunt.
1338 602 1491 641 Petrus
1512 609 1652 641 autem

166 676 272 708 tunc
296 683 493 724 pugnare
518 668 671 708 nolens
693 668 746 708 de
769 667 979 709 Gandavo
1008 667 1204 708 recessit.

226 735 371 776 Guido
391 745 534 776 autem
561 745 603 776 et
625 735 889 779 Wilhelmus
913 735 965 776 ad
992 743 1130 775 terras
1151 752 1250 776 suas
1281 736 1441 776 reversi
1467 746 1581 778 sunt.

225 803 331 843 Cum
369 812 512 843 autem
564 805 719 844 Petrus
762 804 814 844 de
868 803 1077 843 Gandavo
1122 805 1289 860 Brngas
1338 813 1649 855 reverteretur,

166 870 383 911 intellexit
409 871 527 928 quod
552 871 731 913 Liliardi
757 871 828 928 qui
862 871 902 911 in
930 871 1244 927 Ardenburgo,
1275 872 1502 912 audientes
1535 873 1651 929 quod

166 939 425 980 Gandenscs
450 939 532 980 sibi
561 939 812 980 consentire
833 939 1083 988 noluerunt,
1107 941 1467 980 communitatem
1495 941 1650 997 subpe-

164 1006 380 1048 ditassent
401 1016 441 1048 et
466 1007 587 1064 signa
606 1007 740 1063 regia,
761 1007 945 1063 abjectis
963 1007 1101 1065 signis
1124 1008 1367 1056 XVilhelmi,
1388 1007 1648 1050 elevassent.

166 1076 304 1115 Iratus
327 1075 472 1132 itaque
502 1075 641 1124 valde,
673 1091 769 1116 cum
808 1075 940 1116 sociis
967 1076 1056 1116 suis
1095 1075 1237 1116 villam
1268 1076 1321 1116 de
1354 1076 1649 1133 Ardenburgo

163 1158 414 1199 aggressus,
447 1143 547 1184 lieet
577 1143 761 1183 firmiter
790 1143 1016 1192 munitam,
1052 1152 1194 1184 tamen
1232 1160 1324 1184 eam
1362 1145 1576 1191 obtinuit,
1609 1155 1649 1185 et

164 1211 521 1251 communitatem
554 1211 725 1253 elevans
761 1220 803 1252 et
837 1212 961 1268 signa
1008 1213 1121 1268 regis
1163 1211 1396 1267 dejiciens,
1436 1212 1648 1253 Liliardos

163 1279 402 1335 oppressit,
429 1278 598 1336 aliquos
621 1279 845 1319 occidens.

223 1348 329 1387 (lum
355 1355 497 1387 autem
518 1347 571 1387 de
593 1347 890 1403 Ardenburgo
918 1349 1110 1388 venisset.
1132 1350 1323 1405 BrugaS,
1353 1349 1503 1389 videns
1528 1366 1647 1390 com-

164 1415 351 1455 munitas
384 1415 648 1471 Brugensis,
685 1415 801 1471 quod
838 1415 968 1456 multa
1008 1432 1110 1471 erga
1152 1432 1297 1473 regem
1338 1418 1522 1458 consilio
1569 1435 1647 1458 suo

161 1491 462 1539 perpetrasset
490 1483 624 1526 mala,
656 1491 698 1523 et
721 1483 837 1539 (Vluod
867 1483 1010 1524 villam
1036 1484 1334 1533 (laudensem,
1361 1485 1472 1525 sicut
1497 1502 1646 1542 spera-

160 1559 279 1591 verat
297 1585 304 1595 ,
336 1567 419 1590 non
445 1550 726 1595 obtinuisset,
754 1560 795 1591 ct
818 1552 933 1607 quod
961 1552 1224 1593 wilhelmus
1249 1553 1311 1592 sic
1334 1553 1387 1593 ab
1410 1553 1471 1593 cis
1503 1570 1646 1594 reces-

161 1619 306 1666 sisset,
339 1619 480 1674 ipsum
513 1620 687 1659 Petrum
716 1619 803 1660 sere
831 1619 1083 1662 occidisset.
1119 1622 1272 1661 Petrus
1300 1629 1459 1664 antem,
1494 1637 1645 1660 manus

161 1685 488 1726 communitatis
511 1702 590 1742 per
619 1687 808 1726 cautelas
835 1687 1040 1734 evadens,
1067 1688 1121 1727 dc
1152 1687 1246 1728 villa
1276 1689 1490 1744 Brugensi
1519 1697 1561 1728 et
1591 1689 1643 1729 de

159 1753 365 1794 Flandria
396 1753 507 1811 sugit
541 1754 593 1793 ad
623 1764 813 1811 tempus,
846 1755 994 1795 Timor
1018 1755 1151 1812 igitur
1177 1756 1389 1796 maximus
1413 1764 1455 1796 et
1479 1765 1644 1797 tremor

158 1821 301 1861 villam
326 1830 460 1862 totam
486 1822 659 1864 invasit.
693 1825 798 1862 (Iuni
833 1841 938 1880 ergo
967 1832 1051 1863 tam
1084 1825 1269 1879 majores
1300 1840 1426 1880 quam
1453 1826 1642 1865 minores

158 1889 396 1936 vidissent,
429 1905 473 1929 se
508 1889 549 1929 in
585 1899 705 1930 arcto
746 1900 786 1931 et
824 1891 1010 1931 maximo
1045 1891 1239 1947 periculo
1274 1893 1456 1948 positos,
1492 1902 1642 1949 utpote

157 1958 319 1997 Jacobo
341 1957 394 1998 dc
414 1960 625 1999 Curtraco
646 1974 797 1998 versus
821 1961 989 2015 Brugas
1016 1961 1253 2000 exereitum
1285 1970 1499 2010 movente,
1534 1963 1641 2003 inito

157 2025 365 2071 consilio,
405 2026 457 2065 dc
490 2027 709 2066 communi
741 2043 983 2070 consensu,
1014 2027 1184 2083 aliquos
1207 2028 1259 2069 de
1286 2046 1329 2069 se
1358 2030 1637 2080 mediatores,

157 2092 230 2149 qui
257 2093 307 2133 ad
342 2094 550 2133 Jacobum
582 2094 784 2144 tendant,
821 2095 1007 2148 eligunt,
1041 2095 1277 2136 oll'erentes
1312 2114 1356 2136 se
1386 2097 1495 2137 velle
1526 2107 1639 2138 stare

156 2159 210 2199 dc
235 2159 321 2200 alto
351 2169 390 2200 et
416 2161 544 2201 basso
573 2161 691 2202 dicto
715 2178 791 2202 suo
821 2171 863 2202 et
890 2163 1243 2203 consiliariorum
1276 2165 1392 2221 regis
1422 2165 1638 2221 predicto-

154 2243 265 2275 rum,
298 2228 500 2285 diligenti
531 2238 567 2269 oi
599 2231 715 2283 justa
748 2229 869 2286 prius
901 2231 1007 2271 saeta
1038 2232 1350 2288 inquisitione,
1388 2233 1470 2273 isto
1509 2234 1636 2272 etiam

156 2297 401 2352 supposito,
428 2297 544 2353 quod
568 2314 736 2347 omnes,
763 2298 980 2354 quierant
1004 2300 1043 2339 in
1070 2300 1195 2349 villa,
1228 2317 1271 2339 se
1296 2302 1336 2341 in
1366 2301 1511 2358 aliquo
1538 2319 1637 2342 con-

155 2373 217 2405 tra
251 2365 392 2420 ipsum
422 2374 463 2405 et
492 2381 638 2421 regem
669 2366 912 2422 culpabiles
937 2377 1280 2423 cognoscentes,
1318 2369 1425 2409 inl'ra
1465 2379 1636 2425 teinpus

156 2440 363 2472 statutum
392 2433 445 2473 de
468 2432 565 2473 villa
591 2441 633 2473 et
655 2434 794 2490 patria
826 2434 1099 2483 recederent,
1129 2445 1167 2475 et
1205 2435 1265 2476 sic
1303 2436 1396 2492 ipse
1428 2439 1632 2485 Jacobus,

155 2509 386 2556 postquam
422 2501 726 2549 recessissent,
764 2501 908 2542 villam
945 2503 1143 2543 intraret.
1184 2504 1344 2544 Habito
1385 2505 1519 2561 igitur
1560 2522 1637 2561 per

154 2567 248 2608 dies
274 2568 439 2624 aliquot
463 2585 594 2625 super
619 2569 841 2610 oblatione
872 2572 1084 2626 premissa
1121 2571 1323 2628 diligenti
1352 2581 1560 2619 tractatu,
1595 2574 1635 2613 in

154 2652 246 2675 eam
276 2637 328 2676 ab
359 2645 541 2693 utraque
570 2646 692 2694 parte
729 2639 1042 2679 concordatum
1074 2649 1160 2684 est,
1192 2640 1274 2680 hoe
1301 2642 1428 2680 etiam
1459 2641 1632 2690 addito,

155 2704 271 2760 quod
305 2706 458 2744 Petrus
493 2705 546 2745 de
576 2706 696 2746 Flota
729 2706 1046 2747 mediatoribus
1077 2707 1302 2764 promisit,
1333 2709 1450 2764 quod
1476 2708 1570 2760 ipse
1594 2719 1635 2748 et
