1856 2963
168 176 248 206 1304
672 175 869 206 ANNALES
893 175 1148 207 GANDENSES
1612 179 1648 208 77

166 252 364 294 tissimus
383 252 560 310 qnidam
587 252 711 295 miles
735 261 777 294 et
799 253 905 294 baro
933 253 987 294 de
1012 253 1218 304 Francia,
1249 255 1371 310 eujus
1403 270 1646 312 cognomen

169 320 317 378 sepius
339 320 484 362 audivi
513 321 590 362 sed
617 321 781 363 oblitus
817 321 960 372 sum1,
997 321 1186 371 occisus,
1218 322 1390 379 bajulus
1425 323 1650 379 eujusdam

166 388 330 439 vexilli,
363 389 481 446 quod
515 389 673 430 Franci
703 397 862 431 vocant
895 388 1158 439 Oliflamma,
1202 390 1255 431 de
1295 406 1381 447 quo
1413 390 1649 447 plurimum

164 457 366 498 solebant
387 457 610 498 confidere
635 466 678 498 et
701 457 755 499 de
781 474 832 499 eo
861 457 997 499 multa
1019 457 1216 499 fabulosa
1238 474 1459 509 enarrare,
1484 459 1650 516 ipsum-

166 540 251 581 que
274 540 296 564 a
316 524 663 566 Flandrensibus
687 534 753 566 est
778 525 821 566 in
844 525 980 566 frusta
1009 525 1280 566 conscissum
1308 525 1373 566 vel
1399 525 1622 583 diruptum
1639 559 1647 567 .

224 592 519 634 Flandienses
548 592 699 650 igitur,
724 593 996 651 fugientibus
1017 594 1097 634 hac
1121 602 1163 634 et
1186 593 1285 635 illac
1311 593 1516 635 omnibus
1544 595 1650 635 1105-

164 659 283 701 tibus
306 659 411 710 suis,
439 676 609 717 usque
599 660 652 701 ad
675 660 983 718 ciepusculum
1011 668 1054 701 et
1080 676 1218 717 usque
1238 660 1292 702 ad
1315 660 1505 702 tentoria
1533 661 1649 719 regis

167 744 241 770 eos
276 736 378 769 sunt
405 728 610 779 insecuti,
656 729 711 770 ita
747 728 866 786 quod
895 728 1074 786 quidam
1116 744 1168 769 ex
1200 728 1262 769 eis
1303 729 1356 770 de
1385 729 1649 771 victualibus

164 798 435 838 Flancorum
464 804 719 871 iapuerunt.
745 798 944 853 Cumque
972 796 1016 837 in
1042 796 1321 853 crepusculo,
1351 796 1520 838 oriente
1548 797 1648 838 luna

164 890 222 896 —
246 864 386 906 fuerat
434 865 548 906 enim
595 864 853 922 p1ecedenti
899 864 969 905 die
1018 864 1331 938 plenilunium,
1361 891 1417 895 —
1448 865 1650 906 audirent

167 932 378 990 quosdam
403 934 595 974 hostium
630 931 800 990 equites
836 948 932 973 cum
966 932 1117 974 cuneis
1153 931 1243 974 suis
1272 949 1359 974 non
1390 933 1573 974 multum
1598 934 1650 975 ab

167 999 229 1042 eis
250 1017 346 1042 esse
368 1010 576 1050 lemotos,
605 1017 692 1042 non
720 1000 952 1042 videbatur
977 999 1039 1042 eis
1059 1009 1201 1042 tutum
1227 1001 1288 1042 ibi
1308 1001 1380 1042 diu
1406 1017 1648 1042 lemaneie.

167 1068 701 1126 Η11111611111116111111,(111οἀ
732 1069 795 1110 illi
817 1070 985 1119 hostes,
1017 1068 1090 1125 qui
1109 1071 1230 1125 juxta
1257 1086 1332 1110 eos
1358 1078 1498 1119 erant,
1526 1077 1651 1127 pote-

167 1146 263 1178 rant
289 1137 413 1189 alios,
439 1138 512 1194 qui
536 1137 674 1195 magis
700 1137 854 1195 pioeul
878 1138 1096 1195 lugeiant,
1119 1154 1214 1178 (um
1241 1137 1406 1179 nuntiis
1432 1154 1649 1185 r,evocare

167 1214 209 1246 et
236 1206 298 1247 sic
326 1222 418 1257 eos,
452 1206 553 1247 luna
582 1205 740 1247 elarius
773 1205 1059 1263 splendente,
1097 1205 1234 1246 lassos
1269 1214 1311 1246 et
1343 1206 1478 1247 fessos
1507 1215 1550 1247 et
1577 1207 1651 1263 qui

166 1290 244 1330 per
273 1290 476 1331 mngnum
508 1283 681 1331 tempus
710 1273 820 1315 nihil
849 1273 935 1315 cibi
967 1281 1171 1331 gustaxer
1175 1281 1271 1323 z,1nt
1308 1273 1650 1332 circumquaque

167 1341 390 1383 invadere.
420 1342 561 1389 Unde,
585 1350 759 1399 sumpto
789 1341 992 1392 consilio,
1025 1341 1143 1382 lento
1172 1358 1325 1399 gressu
1351 1358 1501 1383 versus
1529 1359 1650 1384 mon-

165 1418 253 1451 tem
299 1410 599 1452 Pavellensem
653 1418 754 1451 sunt
801 1409 981 1451 reversi.
1036 1412 1132 1463 Quo
1179 1425 1275 1450 eum
1324 1410 1647 1466 pervenissent,

164 1479 295 1536 primi
314 1494 480 1528 eorum,
501 1478 701 1520 buccinis
725 1477 914 1528 bellicis,
937 1493 1020 1534 que
1044 1477 1284 1535 vulgariter
1302 1488 1470 1534 (rumpe
1496 1494 1648 1519 vocan—

166 1555 252 1597 tur,
284 1546 541 1606 clangentes
570 1555 792 1603 tamquam
823 1545 1035 1594 victores,
1068 1562 1219 1586 omnes
1253 1545 1394 1587 socios
1431 1563 1549 1596 suos,
1575 1546 1649 1604 qui

167 1616 248 1656 hae
269 1624 310 1656 et
326 1615 442 1662 illac,
460 1614 570 1656 viam
594 1615 858 1665 nescientes,
884 1630 980 1655 eum
998 1612 1154 1654 turmis
1178 1613 1267 1654 suis
1291 1613 1482 1670 dispersi
1507 1623 1646 1665 erant,

168 1692 210 1724 et
231 1683 445 1740 quosdam
467 1683 613 1731 etiam,
646 1683 719 1739 qui
750 1681 831 1723 soli
861 1690 1010 1732 erant,
1041 1690 1086 1722 ut
1108 1682 1173 1723 illi
1201 1681 1274 1739 qui
1306 1682 1347 1722 in
1375 1681 1651 1723 insecutione

168 1751 358 1792 hostium
375 1750 625 1792 ceciderant
642 1759 684 1791 et
700 1759 850 1807 postea
869 1758 1165 1799 surrexerant,
1185 1749 1499 1799 coadunantes,
1514 1749 1649 1791 aciem

168 1835 369 1877 magnam
397 1818 522 1859 valde
556 1826 900 1876 congregarunt.
939 1819 1000 1858 Ex
1037 1833 1123 1874 quo
1148 1817 1257 1869 loco,
1293 1833 1389 1858 cum
1422 1817 1464 1858 in
1492 1834 1542 1858 eo
1571 1817 1650 1858 ali-

166 1876 424 1945 quantulum
452 1902 569 1928 more
592 1887 873 1943 quiescentes
897 1886 1231 1935 contraherent,
1261 1885 1347 1926 alto
1369 1895 1411 1926 et
1439 1885 1650 1927 eminenti

165 1955 368 1996 viderunt
387 1971 484 1996 cum
507 1954 668 2013 gaudio
697 1955 887 1995 Francos
910 1970 1007 1994 eum
1030 1954 1185 1995 turmis
1208 1962 1249 1994 et
1266 1953 1415 1994 cuneis
1435 1969 1646 2003 reversos,

165 2024 360 2064 accensis
390 2022 542 2064 faculis
578 2031 620 2063 et
649 2022 788 2063 cereis
824 2021 913 2062 suis
942 2022 1112 2079 magnis
1147 2020 1305 2072 toreis,
1335 2037 1432 2062 cum
1465 2019 1649 2061 maxima

168 2090 450 2132 mestitudine
493 2099 686 2131 mortuos
721 2106 822 2131 suos
870 2089 1041 2130 nobiles
1083 2088 1253 2130 occisos
1293 2089 1358 2129 vel
1391 2104 1646 2146 oppressos,

166 2157 401 2200 suffocatos
427 2174 506 2216 per
533 2166 690 2215 puteos
719 2166 759 2199 et
790 2158 948 2198 fossata
974 2157 1214 2214 requirere,
1238 2173 1316 2198 nee
1340 2172 1430 2201 eos,
1453 2156 1648 2213 quamvis

165 2227 266 2267 luna
302 2227 561 2268 ascenderet
590 2225 869 2283 splendendo
904 2225 1041 2274 clare,
1081 2225 1266 2282 amplius
1302 2225 1412 2266 velle
1449 2225 1503 2266 de
1534 2224 1649 2266 bello

166 2311 334 2336 curare.
361 2297 408 2336 In
438 2295 556 2336 dicto
581 2295 725 2351 itaque
755 2301 918 2343 monte,
943 2294 1068 2351 quasi
1096 2293 1205 2334 nihil
1236 2292 1505 2344 victualium,
1531 2292 1648 2350 quod

165 2363 437 2404 multitudini
457 2379 607 2404 eorum
628 2362 863 2412 sufficeret,
891 2378 971 2403 nec
992 2363 1336 2419 cooperimenta,
1362 2379 1441 2403 nec
1460 2362 1648 2403 tentoria

165 2431 324 2488 aliqua,
363 2431 523 2489 quibus
554 2439 826 2488 tegerentur,
875 2430 1166 2479 invenientes,
1213 2446 1297 2470 non
1342 2439 1388 2471 ut
1435 2430 1536 2471 victi
1582 2429 1648 2470 vel

165 2500 328 2557 fugati,
360 2498 461 2557 quia
492 2499 638 2540 nullus
667 2515 740 2539 eos
775 2498 1108 2554 insequebatur,
1140 2514 1290 2538 versus
1321 2498 1511 2539 Insulam
1539 2498 1648 2539 inito

165 2566 350 2608 consilio
378 2567 597 2617 abierunt,
626 2566 702 2608 sed
730 2565 874 2606 inedia
901 2575 941 2606 et
966 2564 1226 2606 necessitate
1253 2566 1408 2607 eoacti.

206 2742 234 2774 1.
261 2742 288 2772 ΙΙ
308 2753 341 2772 56
357 2741 523 2772 nommait
542 2741 699 2771 Anselme
719 2740 758 2769 de
778 2739 984 2770 Chevreuse
