1856 2963
236 145 273 174 52
736 139 933 172 ANNALES
958 141 1214 172 GANDENSES
1640 141 1719 172 1303

234 237 384 263 versus
432 220 577 262 villam
628 219 779 262 Sancti
816 218 1055 260 Audomari
1111 219 1296 276 profecti
1349 227 1469 260 sunt.
1519 220 1717 277 Cumque

235 289 459 330 venissent
490 304 628 345 prope
659 303 751 328 cam
788 289 909 343 juxta
940 287 1086 328 villam
1108 296 1416 344 campestrem,
1441 303 1525 344 que
1553 287 1716 328 dicitur

232 358 365 407 Arke,
407 355 585 413 quidam
626 354 844 413 Flamingi
886 355 1023 412 magis
1070 353 1352 396 intendentes
1409 354 1543 411 prede
1589 371 1716 411 quam

233 442 397 483 pugne,
429 424 603 465 incaute
631 431 673 464 et
705 422 954 464 inordinate
992 431 1034 463 et
1065 431 1218 464 contra
1246 430 1505 480 preceptum
1540 439 1716 464 suorum

232 493 484 550 principum
521 491 707 532 rivulum
741 490 975 548 quemdam
1019 498 1397 537 transcurrentes,
1438 506 1459 530 a
1497 490 1717 531 solidariis

234 560 349 619 regis
372 561 425 602 de
447 559 547 601 villa
576 558 766 617 egressis
798 575 937 615 usque
965 558 1016 599 ad
1044 566 1299 608 sexcentos,
1323 558 1389 599 vel
1418 557 1552 599 occisi
1576 558 1643 599 vel
1672 559 1716 599 in

233 645 387 686 aquam
413 627 622 685 fugiendo
652 626 869 668 submersi
901 626 1054 676 suut13
1084 625 1160 667 sed
1186 634 1368 683 propter
1395 627 1480 667 hoc
1508 626 1716 667 damnum

231 697 526 739 Flandreuses
561 710 647 736 non
676 695 920 735 omiserunt
946 693 1046 734 ville
1087 693 1499 735 Sancti-Andomari
1532 693 1719 735 viriliter

231 773 274 806 et
301 764 501 806 ordinate
530 763 903 820 appropinquare.
942 761 1069 814 Quod
1093 777 1279 802 cernens
1304 761 1508 803 dominus
1533 762 1588 802 de
1611 763 1717 803 Cas-

230 831 426 882 tellioue,
452 830 708 887 capitaneus
734 829 929 870 omnium
961 829 1271 870 solidariorum
1304 829 1370 871 vel
1401 829 1717 886 stipendiario-

231 918 326 942 rum
348 901 509 958 regisff,
543 908 629 940 tam
661 898 856 954 equitum
889 913 1018 954 quam
1055 897 1276 954 peditum,
1311 913 1396 938 non
1434 898 1548 939 bene
1585 897 1716 939 confi-

232 970 339 1010 dens
372 968 425 1009 de
457 966 768 1009 communitate
800 965 899 1006 ville
939 965 1183 1022 nolensque
1220 965 1264 1006 in
1295 981 1343 1007 ea
1374 965 1591 1016 obsideri,
1618 982 1715 1007 cum

231 1037 433 1079 omnibus
459 1034 725 1093 paramentis
751 1033 922 1074 bellicis
951 1033 1094 1075 villam
1123 1049 1327 1091 egressus
1353 1041 1438 1085 est,
1466 1049 1553 1074 non
1582 1033 1716 1074 relin-

231 1121 371 1163 quens
396 1104 440 1145 in
475 1120 522 1145 ea
552 1119 728 1145 currum
754 1117 833 1162 nec
857 1117 1097 1151 carrucam,
1129 1101 1236 1142 (lans
1264 1101 1515 1159 intelligere
1549 1101 1636 1142 illis
1664 1101 1717 1142 de

229 1173 346 1223 villa,
380 1173 540 1229 quibus
576 1172 671 1228 ipse
705 1179 747 1211 et
779 1170 842 1211 sui
882 1169 925 1210 in
962 1168 1109 1209 multis
1151 1169 1313 1210 debitis
1353 1178 1477 1211 erant
1511 1169 1713 1226 obligati,

230 1242 348 1299 quod
368 1241 498 1282 vellet
517 1256 614 1280 cum
637 1237 986 1280 Flandrensibus
1013 1236 1210 1293 preliari.
1236 1238 1434 1294 Cumque
1464 1238 1715 1279 ordinasset

229 1309 364 1351 aciem
387 1324 605 1365 magnam,
627 1306 768 1364 primo
791 1305 1005 1362 equitum,
1029 1305 1223 1346 secundo
1247 1304 1463 1361 peditum,
1488 1304 1588 1362 quia
1609 1321 1714 1346 con-

230 1386 457 1419 vocaverat
482 1392 634 1417 omnes
661 1373 895 1415 solidarios
923 1372 1061 1430 regis,
1087 1372 1161 1429 qui
1188 1373 1391 1414 solebant
1417 1390 1513 1414 esse
1539 1374 1580 1414 in
1608 1375 1715 1415 Tor-

230 1463 353 1499 naco,
382 1444 680 1487 Flandrenses
708 1459 729 1483 e
765 1441 984 1483 contrario
1023 1440 1159 1482 aciem
1191 1441 1418 1481 maximam
1446 1441 1499 1482 ad
1524 1441 1710 1491 bellum,

229 1515 345 1571 quod
374 1513 628 1570 sperabant,
654 1511 984 1567 disposuerunt.
1009 1509 1095 1549 Sed
1118 1508 1212 1565 ipse
1235 1525 1320 1549 non
1339 1509 1505 1550 audens
1529 1526 1625 1550 cum
1652 1509 1714 1550 eis

229 1582 390 1623 bellum
417 1579 709 1629 committere,
736 1579 878 1636 primo
901 1576 1100 1618 vehicula
1131 1576 1300 1627 omnia,
1322 1577 1482 1634 quibus
1511 1593 1713 1619 necessa-

229 1651 288 1691 ria
318 1648 529 1691 exercitui
559 1663 636 1688 suo
663 1647 1028 1703 apportabautur,
1056 1661 1207 1685 versus
1239 1644 1463 1686 Franciam
1488 1645 1710 1702 premisit,

228 1717 567 1775 precipiensque
602 1714 828 1772 peditibus
859 1713 971 1760 suis,
1010 1721 1053 1753 ut
1082 1729 1127 1752 ea
1162 1722 1468 1769 sequerentur,
1496 1714 1589 1770 ipse
1616 1730 1713 1754 cum

228 1787 467 1843 equitibus,
524 1800 621 1825 cum
663 1782 736 1823 diu
787 1781 1025 1822 exercitum
1068 1780 1384 1821 Flandrensem
1426 1781 1710 1838 respexisset,

227 1870 426 1911 campum
452 1851 631 1908 reliquit
660 1859 702 1891 et
727 1848 909 1907 aufugit.
937 1851 1075 1902 Quem
1101 1848 1411 1898 Flaudreuses,
1438 1849 1586 1891 relicta
1613 1850 1711 1891 villa

268 2047 295 2076 1.
322 2046 366 2075 Ge
387 2044 444 2074 suit
464 2045 482 2073 (1
499 2054 611 2073 urmes
630 2042 699 2071 doit
720 2045 790 2071 etri*
809 2041 886 2070 dani
907 2040 951 2070 du
971 2043 987 2069 ἶ)
1009 2040 1120 2079 juillet
1141 2041 1227 2069 1303.
1249 2041 1293 2070 La
1314 2040 1503 2081 Chronique
1524 2043 1711 2073 arte-‘sienne

225 2100 264 2117 en
284 2088 395 2116 donne
415 2087 445 2115 le
462 2085 567 2115 detail
589 2095 593 2113 :
616 2096 629 2113 «
648 2084 681 2113 Si
701 2084 795 2112 uvini
814 2093 876 2122 que
898 2093 939 2113 Ν.
958 2081 1055 2122 joui-s
1074 2093 1113 2111 en
1129 2081 1225 2121 juile‚
1246 2082 1369 2112 mesire
1389 2083 1521 2113 Pierres
1544 2084 1584 2114 de
1602 2084 1711 2114 Cour—

225 2130 346 2165 tisaus,
368 2128 527 2157 maistres
548 2126 607 2156 des
632 2124 873 2162 ai·balestie1·s‚
894 2128 925 2153 et
946 2123 1066 2153 Aurris
1091 2123 1112 2152 li
1144 2124 1305 2153 Alemans
1330 2128 1361 2153 et
1389 2125 1575 2159 Petrisons.
1605 2127 1711 2156 freres

225 2171 365 2200 Ymbert
388 2171 417 2199 le
442 2168 621 2201 Roumaiu,
642 2171 674 2196 et
694 2166 734 2196 de
753 2167 826 2195 leur
844 2176 927 2205 gens
947 2176 1050 2194 avoec
1069 2175 1142 2201 aus,
1164 2165 1304 2194 issu-ent
1322 2165 1361 2194 de
1382 2166 1602 2197 Saint-Omer
1624 2178 1712 2207 pour

225 2213 296 2242 aler
324 2221 457 2241 aesmer
489 2210 566 2239 l'ost
589 2209 648 2238 (les
673 2209 846 2241 Flamens,
869 2218 903 2236 se
927 2206 1214 2236 chevauohicvcnt
1234 2217 1310 2235 vers
1338 2208 1454 2237 Arkes.
1478 2209 1522 2237 La
1548 2208 1641 2238 avoit
1667 2220 1711 2238 un

225 2257 309 2294 pont
330 2264 394 2293 que
421 2252 443 2281 li
472 2253 629 2282 Flamem·
657 2249 808 2279 voloieut
832 2259 964 2288 passer,
995 2259 1082 2288 pour
1109 2248 1180 2277 aler
1203 2250 1282 2287 pri-s
1311 2248 1350 2277 dc
1378 2248 1614 2284 Saint-Omer;
1635 2250 1662 2279 si
1681 2251 1710 2280 lc.

225 2294 459 2335 waagnierent
487 2297 604 2322 contre
629 2302 670 2320 no
695 2295 775 2331 gent
797 2289 854 2330 qui
882 2289 911 2318 le
931 2288 1132 2319 wat-doieut.
1159 2289 1269 2318 Adont
1288 2300 1322 2319 se
1341 2290 1550 2329 pervhurent
1569 2291 1710 2321 mesires

225 2337 357 2366 Pieri-es
380 2339 411 2365 et
430 2335 561 2369 Auri-is,
582 2333 609 2362 si
628 2335 813 2362 coururent
834 2342 892 2360 sur
911 2331 959 2360 les
981 2331 1138 2360 flammis
1161 2335 1193 2359 et
1209 2330 1258 2359 les
1281 2330 1445 2360 remisent
1463 2336 1559 2361 outre
1578 2333 1608 2362 le
1626 2337 1711 2373 pont

224 2382 256 2407 et
272 2389 290 2409 v
309 2381 365 2407 eut
383 2377 437 2406 bel
463 2374 655 2416 pongneieh
681 2378 713 2403 et
731 2373 810 2403 biau
837 2372 897 2401 fait
924 2372 1082 2401 d‘arnies.
1107 2371 1140 2401 Si
1164 2383 1183 2411 y
1205 2373 1236 2400 su
1263 2382 1355 2401 mors
1376 2372 1498 2402 mvsire
1518 2374 1650 2403 Picrrcs
1670 2375 1709 2405 de

225 2412 428 2448 (zoin-timus
456 2423 488 2447 et
516 2414 568 2446 ses
600 2417 680 2448 fiex.
703 2419 735 2445 et
760 2414 837 2444 bien
866 2413 960 2452 xvj.
986 2424 1050 2453 que
1078 2413 1268 2442 chevaliers
1297 2424 1360 2453 que
1393 2415 1529 2453 gentiex
1554 2415 1708 2445 hommes

225 2470 415 2499 nvoecqucs
440 2459 504 2493 lui,
535 2463 567 2487 ct
594 2469 612 2497 y
642 2458 674 2486 fu
702 2456 821 2486 Auri-is
850 2457 973 2484 navres
1002 2459 1033 2483 ot
1064 2454 1122 2493 .iij.
1150 2454 1299 2483 ehi-vaus
1325 2457 1398 2484 tues
1423 2456 1567 2486 ‹less-ons
1592 2457 1658 2494 lui,
1678 2462 1710 2487 et

225 2502 399 2532 Petrisons
417 2502 551 2534 navres,
573 2504 605 2529 et
622 2499 787 2527 deinoura
807 2500 900 2526 toute
919 2496 993 2525 nuit
1008 2495 1180 2525 Pctrisons
1197 2506 1236 2525 en
1256 2496 1333 2525 l'ost
1351 2496 1409 2525 (les
1429 2498 1605 2534 Flamens,
1626 2499 1708 2539 qu'il

225 2554 263 2573 ne
284 2543 350 2572 s'en
372 2546 452 2582 peni
471 2541 618 2575 revenir,
639 2544 667 2569 et
689 2540 721 2568 la
737 2538 911 2579 perdirent
929 2538 949 2566 li
971 2538 1131 2566 Flauum(-
1152 2538 1192 2566 de
1213 2537 1286 2566 leur
1302 2542 1381 2577 gent
1398 2538 1473 2567 bien
1493 2547 1570 2569 ,κη-Ε,
1589 2544 1621 2569 et
1639 2541 1708 2569 s'en

223 2596 242 2624 ,γ
261 2589 317 2614 cut
335 2584 412 2614 bien
432 2583 504 2623 pris
527 2581 636 2620 .xxxij.
657 2592 695 2609 en
718 2581 779 2610 vie.
802 2592 814 2608 ι)
836 2579 924 2608 Bibl.
947 2589 1018 2618 roy.
1039 2578 1080 2608 de
1100 2579 1288 2613 Bruxelles,
1310 2590 1371 2608 ms.
1398 2580 1575 2614 lli.561-64‚
1598 2583 1618 2612 f.
1636 2583 1705 2611 2o2.

265 2628 292 2655 2.
320 2625 478 2656 (jaucher
501 2624 541 2654 de
570 2623 754 2657 Ciuitillon,
785 2621 851 2650 sire
881 2621 922 2649 de
952 2620 1093 2649 Pon-cion
1127 2624 1159 2649 et
1192 2624 1302 2649 comte
1329 2620 1370 2650 dc
1401 2621 1582 2657 Saint-Pol,
1615 2623 1709 2652 avait

223 2667 366 2696 succede
384 2666 470 2695 dans
495 2666 527 2695 la
557 2664 683 2701 charge
707 2664 747 2693 de
773 2662 974 2692 connetable
996 2661 1033 2690 dc
1057 2662 1185 2690 Franco
1204 2664 1221 2690 a
1238 2662 1345 2691 Raoul
1363 2662 1403 2692 de
1422 2663 1534 2700 Ncsle,
1557 2664 1670 2693 tonibe
1688 2666 1707 2693 a

224 2708 381 2738 (Iourtrai
399 2708 503 2747 (1:302,
524 2707 557 2735 11
576 2702 691 2745 juillq.
