1856 2963
288 164 326 205 ³7¹8
791 173 989 204 ANNALEs
1014 161 1269 204 GANDENSES
1694 172 1774 204 1304

348 253 621 294 Corruerunt
642 250 778 309 igitur
804 250 888 293 isto
917 251 988 292 die
1015 251 1068 292 de
1088 250 1281 293 exercitu
1310 251 1573 293 Flandrensi
1598 250 1774 293 circiter

287 329 475 377 quatuor
505 319 637 360 millia
667 327 956 369 armatorum,
995 318 1112 360 inter
1145 335 1254 375 quos
1290 319 1368 360 fuit
1402 319 1639 376 precipuus
1660 319 1774 362 Wil-

287 388 458 429 helmus
482 385 760 437 Juliacensis,
784 386 857 444 qui
880 386 1119 444 insequens
1142 387 1291 428 hostes
1312 387 1379 428 vel
1404 386 1706 444 oppressionis
1733 395 1776 427 et

287 471 414 496 casus
441 453 730 496 suffocatione
752 453 993 495 interiit—
1011 463 1104 495 erat
1123 454 1236 495 enim
1260 453 1406 495 tenuis
1435 453 1772 511 complexionis,

284 523 389 564 licet
418 530 536 564 esset
563 522 805 574 animosus,
835 549 894 554 —
918 523 1002 572 vel,
1028 531 1075 563 ut
1092 521 1250 564 Franci
1283 530 1508 573 asserunt,
1549 538 1624 563 eos
1655 521 1774 562 inse-

282 607 444 647 ·quens,
475 607 571 631 cum
599 607 733 647 parvo
759 607 899 632 cuneo
923 590 1100 632 circiter
1133 591 1318 632 LXXX.
1351 590 1560 631 virorum.
1593 591 1775 631 Constat

287 658 404 700 enim
432 658 780 700 Flandrensibus
804 659 930 716 quasi
953 658 1213 709 innumeris,
1245 658 1363 715 quod
1392 674 1531 715 usque
1557 657 1609 698 ad
1629 659 1774 715 fugam

287 727 557 768 Francorum
597 743 727 768 sanus
761 728 884 783 juxta
921 736 963 768 et
996 725 1248 777 incolumis,
1291 726 1344 767 ab
1382 726 1578 783 ipsorum
1608 725 1776 766 scilicet

288 796 555 836 Francorum
585 795 808 851 equitibus
835 794 1134 835 circumdatus
1172 802 1215 835 et
1243 793 1495 844 conclusus,
1527 809 1624 834 cum
1656 793 1775 833 omni

289 862 498 904 societate
522 879 597 904 sua
619 862 858 904 fortissime
887 862 950 904 eis
979 862 1215 904 resistente
1241 871 1283 903 et
1306 871 1510 913 nocente,
1534 861 1774 917 interemp-

285 939 356 972 tus
385 930 608 972 occubuit.
641 933 693 972 Et
723 931 824 988 quia
857 939 1011 988 postea
1036 930 1205 971 nullum
1239 929 1454 971 indicium
1483 938 1648 971 certum
1677 945 1775 970 cor-

287 1000 408 1056 poris
434 1001 525 1056 ejus
547 999 614 1040 vel
638 1015 856 1040 armorum
881 1015 903 1040 a
924 999 1104 1040 Francis
1132 1014 1214 1040 nec
1236 1014 1257 1040 a
1279 998 1627 1040 Flandrensibus
1655 1005 1776 1054 pote-

288 1075 355 1108 rat
379 1067 589 1118 inveniri,
628 1067 827 1125 vulgares
869 1067 1087 1124 Flamingi
1120 1066 1254 1124 longo
1281 1075 1433 1123 postea
1462 1075 1661 1123 tempore
1684 1073 1775 1106 arte

290 1136 478 1192 magica,
507 1135 576 1177 cui
612 1134 900 1185 inserviebat,
930 1135 1073 1191 ipsum
1100 1134 1376 1176 affirmabant
1405 1134 1618 1185 ablatum,
1654 1142 1697 1175 et
1731 1132 1773 1174 in

289 1212 535 1260 posterum,
567 1212 767 1260 tempore
800 1219 877 1244 suo
907 1202 1194 1259 competenti,
1231 1202 1408 1260 quando
1436 1202 1521 1259 ipsi
1548 1202 1592 1243 in
1622 1200 1773 1257 majori

289 1280 437 1312 essent
472 1271 575 1313 belli
614 1270 829 1328 periculo,
870 1270 1132 1315 rediturum,
1170 1271 1257 1311 Sed
1301 1271 1381 1311 hec
1420 1270 1568 1311 frivola
1604 1278 1704 1311 sunt
1735 1278 1778 1311 et

288 1340 501 1381 fabulosa.
534 1341 712 1381 Certum
750 1348 816 1381 est
851 1339 966 1380 enim
1003 1339 1122 1396 quod
1160 1339 1243 1379 isto
1277 1338 1348 1379 die
1387 1337 1541 1395 periit,
1579 1337 1776 1395 quamvis

289 1407 451 1449 indicia
479 1407 679 1465 corporis
709 1407 774 1448 vel
803 1424 1022 1448 armorum
1059 1409 1152 1464 ejus
1181 1406 1296 1448 inter
1325 1406 1485 1448 multos
1513 1406 1682 1448 occisos
1709 1405 1776 1447 vel

290 1493 528 1534 oppressos
559 1493 642 1517 non
667 1484 872 1532 poterant
894 1475 1104 1525 inveniri;
1138 1476 1218 1516 hoc
1249 1474 1364 1516 enim
1395 1475 1448 1515 de
1472 1474 1620 1515 multis
1648 1474 1776 1516 nobi-

289 1544 404 1585 libus
431 1544 591 1585 accidit
614 1546 658 1585 in
681 1545 910 1585 Curtraco.
939 1543 1112 1584 Dicitur
1139 1543 1315 1600 quidam
1346 1542 1563 1600 pessimus
1586 1542 1776 1583 incanta-

287 1621 356 1653 tor
389 1612 442 1653 de
477 1612 635 1653 familia
667 1628 738 1652 sua
778 1612 888 1652 mala
915 1637 972 1643 —-
1007 1620 1049 1652 et
1078 1620 1183 1652 tunc
1213 1627 1309 1652 cum
1346 1627 1396 1651 eo
1431 1619 1523 1652 erat
1555 1635 1611 1641 -——
1633 1610 1776 1667 ipsum

287 1680 533 1736 decepisse,
587 1679 685 1736 quia
735 1680 999 1737 promiserat
1048 1678 1157 1728 sibi,
1204 1678 1320 1735 quod
1370 1679 1556 1735 quadam
1608 1677 1773 1735 magica

288 1747 605 1795 incantatione,
635 1763 764 1805 quam
789 1747 873 1788 sibi
896 1746 1129 1796 didicerat,
1162 1746 1428 1804 quandoque
1450 1746 1581 1787 vellet
1602 1754 1644 1787 et
1666 1745 1776 1787 indi-

287 1825 427 1874 gerct,
460 1817 661 1856 hostibus
688 1824 730 1857 et
762 1816 1101 1872 quibuscunque
1132 1814 1228 1855 aliis
1256 1814 1491 1855 invisibilis
1521 1814 1660 1855 fieret.
1689 1813 1776 1855 Sed

289 1884 405 1925 dicta
433 1883 672 1925 incantatio
694 1883 803 1924 nihil
834 1883 919 1924 sibi
948 1883 1018 1923 hic
1048 1882 1229 1940 profuit,
1257 1891 1467 1939 quantum
1491 1882 1543 1923 ad
1565 1882 1650 1923 vite
1676 1897 1773 1923 con-

290 1953 595 1993 servationem.
615 1953 772 1993 Nescio
796 1951 829 1992 si
855 1951 1020 2008 profuit
1043 1959 1253 2008 quantum
1268 1950 1319 1991 ad
1338 1951 1534 2007 corporis
1551 1949 1615 1991 sui
1634 1949 1776 1991 occul-

289 2020 524 2071 tationem3
551 2020 676 2061 facilc
701 2020 817 2060 enim
839 2028 904 2060 est
935 2019 1198 2060 demonibus
1221 2034 1381 2076 corpus
1410 2018 1586 2075 aliquod
1609 2018 1776 2059 admor-

290 2097 412 2129 tuum
439 2089 675 2129 occultare.
705 2087 831 2129 Unde
861 2096 903 2128 ct
941 2087 1084 2128 (lictus
1116 2086 1363 2128 incantator
1391 2086 1510 2127 brevi
1539 2095 1637 2143 post
1666 2094 1775 2127 tem—

291 2173 414 2213 pore,
444 2156 559 2213 apud
581 2156 849 2205 Bruxellam,
880 2174 899 2196 a
930 2157 1144 2205 Johannc,
1174 2155 1283 2196 duce
1308 2154 1559 2205 Brabantie,
1591 2163 1776 2212 cognato

290 2224 536 2274 wilhelmi,
568 2225 623 2265 ob
659 2224 824 2265 dictum
863 2224 1007 2264 scelus
1040 2224 1093 2264 ab
1128 2223 1224 2280 ipso
1247 2223 1511 2271 consessum,
1544 2222 1777 2263 confractis

291 2292 484 2333 brachiis
508 2301 550 2333 et
574 2292 718 2341 tibiis,
753 2301 847 2333 rote
878 2308 898 2332 a
920 2300 1036 2332 tcrra
1067 2291 1109 2332 in
1135 2291 1268 2332 altum
1291 2291 1455 2332 elevate
1482 2299 1545 2331 est
1568 2289 1774 2340 inflexus,

291 2377 371 2401 nec
397 2361 538 2417 potuit
574 2361 657 2401 sibi
692 2359 806 2401 dicta
834 2360 1074 2401 incantatio
1104 2360 1145 2400 in
1183 2359 1328 2415 aliquo
1363 2358 1590 2416 prodesse.
1618 2359 1775 2399 Franci

290 2428 420 2469 etiam
447 2428 614 2477 dicunt,
655 2428 724 2468 (lie
760 2428 974 2477 crastina,
1010 2436 1140 2484 caput
1179 2426 1405 2471 wilhelmi
1438 2443 1458 2467 a
1490 2442 1674 2482 corpore
1699 2442 1776 2467 suo

290 2496 468 2537 invento
501 2496 744 2537 abscissum
775 2512 906 2553 super
936 2497 1102 2536 hastam
1135 2495 1266 2536 fuisse
1296 2511 1373 2551 pcr
1402 2495 1639 2536 exercitum
1663 2496 1775 2552 ipso-

293 2576 384 2605 rum
432 2564 821 2620 circumportatum
874 2572 915 2605 et
967 2563 1056 2620 regi
1100 2572 1424 2621 presentatum,
1475 2564 1550 2604 sed
1597 2562 1774 2621 quidam

292 2632 468 2690 cognati
492 2631 630 2689 ipsius
658 2632 885 2674 wilhelmi
909 2631 961 2672 de
986 2632 1167 2673 Francia
1195 2641 1236 2672 et
1265 2648 1360 2673 cum
1392 2648 1493 2688 rege
1516 2631 1772 2680 existentes,

291 2706 331 2739 et
360 2698 537 2739 Liliardi
571 2697 691 2738 multi
723 2697 775 2737 de
808 2697 1037 2746 Flandria,
1072 2698 1144 2753 qui
1174 2697 1316 2754 ipsum
1348 2697 1512 2753 optime
1540 2704 1770 2745 noverant,
