<?xml version="1.0" encoding="UTF-8"?>
<!DOCTYPE html PUBLIC "-//W3C//DTD XHTML 1.0 Transitional//EN"
    "http://www.w3.org/TR/xhtml1/DTD/xhtml1-transitional.dtd">
<html xmlns="http://www.w3.org/1999/xhtml" xml:lang="en" lang="en">
 <head>
  <title>
</title>
<meta http-equiv="Content-Type" content="text/html;charset=utf-8" />
  <meta name='ocr-system' content='tesseract 3.04.00' />
  <meta name='ocr-capabilities' content='ocr_page ocr_carea ocr_par ocr_line ocrx_word'/>
</head>
<body>
  <div class='ocr_page' id='page_1' title='image "./annalesgandenses00funcuoft_0059.png"; bbox 0 0 1856 2963; ppageno 0'>
   <div class='ocr_carea' id='block_1_1' title="bbox 131 194 1617 228">
    <p class='ocr_par' dir='ltr' id='par_1_1' title="bbox 131 194 1617 228">
     <span class='ocr_line' id='line_1_1' title="bbox 131 194 1617 228; baseline -0.003 0"><span class='ocrx_word' id='word_1_1' title='bbox 131 199 209 228; x_wconf 78' lang='lat'>1298</span> <span class='ocrx_word' id='word_1_2' title='bbox 635 195 830 225; x_wconf 76' lang='lat' dir='ltr'>ANNALES</span> <span class='ocrx_word' id='word_1_3' title='bbox 857 194 1113 226; x_wconf 71' lang='lat' dir='ltr'>GANDENSES</span> <span class='ocrx_word' id='word_1_4' title='bbox 1598 198 1617 223; x_wconf 82' lang='lat'>9</span> 
     </span>
    </p>
   </div>
   <div class='ocr_carea' id='block_1_2' title="bbox 130 271 1623 2164">
    <p class='ocr_par' dir='ltr' id='par_1_2' title="bbox 130 271 1623 2164">
     <span class='ocr_line' id='line_1_2' title="bbox 132 271 1617 332; baseline -0.003 -16"><span class='ocrx_word' id='word_1_5' title='bbox 132 291 222 316; x_wconf 88' lang='lat' dir='ltr'>sem</span> <span class='ocrx_word' id='word_1_6' title='bbox 253 273 421 332; x_wconf 85' lang='lat' dir='ltr'>magnis</span> <span class='ocrx_word' id='word_1_7' title='bbox 451 273 624 314; x_wconf 79' lang='lat' dir='ltr'>fossatis</span> <span class='ocrx_word' id='word_1_8' title='bbox 653 281 695 313; x_wconf 88' lang='lat' dir='ltr'>et</span> <span class='ocrx_word' id='word_1_9' title='bbox 725 281 842 313; x_wconf 88' lang='lat' dir='ltr'>terre</span> <span class='ocrx_word' id='word_1_10' title='bbox 871 273 1108 330; x_wconf 75' lang='lat' dir='ltr'>aggeribus</span> <span class='ocrx_word' id='word_1_11' title='bbox 1140 281 1181 313; x_wconf 87' lang='lat' dir='ltr'>et</span> <span class='ocrx_word' id='word_1_12' title='bbox 1210 272 1349 329; x_wconf 85' lang='lat' dir='ltr'>portis</span> <span class='ocrx_word' id='word_1_13' title='bbox 1379 271 1532 315; x_wconf 77' lang='lat' dir='ltr'>firmis.</span> <span class='ocrx_word' id='word_1_14' title='bbox 1563 274 1617 312; x_wconf 83' lang='lat' dir='ltr'>Et</span> 
     </span>
     <span class='ocr_line' id='line_1_3' title="bbox 132 340 1617 397; baseline -0.003 -13"><span class='ocrx_word' id='word_1_15' title='bbox 132 359 279 384; x_wconf 89' lang='lat' dir='ltr'>comes</span> <span class='ocrx_word' id='word_1_16' title='bbox 308 342 408 383; x_wconf 79' lang='lat' dir='ltr'>fecit</span> <span class='ocrx_word' id='word_1_17' title='bbox 437 341 567 382; x_wconf 84' lang='lat' dir='ltr'>etiam</span> <span class='ocrx_word' id='word_1_18' title='bbox 596 340 690 382; x_wconf 84' lang='lat' dir='ltr'>fieri</span> <span class='ocrx_word' id='word_1_19' title='bbox 718 341 861 397; x_wconf 87' lang='lat' dir='ltr'>aliqua</span> <span class='ocrx_word' id='word_1_20' title='bbox 887 340 1046 381; x_wconf 77' lang='lat' dir='ltr'>fossata</span> <span class='ocrx_word' id='word_1_21' title='bbox 1078 349 1120 381; x_wconf 90' lang='lat' dir='ltr'>et</span> <span class='ocrx_word' id='word_1_22' title='bbox 1145 340 1412 381; x_wconf 73' lang='lat' dir='ltr'>munitiones</span> <span class='ocrx_word' id='word_1_23' title='bbox 1444 348 1486 380; x_wconf 87' lang='lat' dir='ltr'>ct</span> <span class='ocrx_word' id='word_1_24' title='bbox 1515 356 1617 396; x_wconf 85' lang='lat' dir='ltr'>por-</span> 
     </span>
     <span class='ocr_line' id='line_1_4' title="bbox 130 407 1618 466; baseline -0.003 -15"><span class='ocrx_word' id='word_1_25' title='bbox 130 419 196 451; x_wconf 89' lang='lat' dir='ltr'>tas</span> <span class='ocrx_word' id='word_1_26' title='bbox 227 409 270 451; x_wconf 86' lang='lat' dir='ltr'>in</span> <span class='ocrx_word' id='word_1_27' title='bbox 307 412 413 451; x_wconf 89' lang='lat' dir='ltr'>Dam</span> <span class='ocrx_word' id='word_1_28' title='bbox 447 417 489 450; x_wconf 87' lang='lat' dir='ltr'>et</span> <span class='ocrx_word' id='word_1_29' title='bbox 522 408 812 466; x_wconf 83' lang='lat' dir='ltr'>Ardenburg,</span> <span class='ocrx_word' id='word_1_30' title='bbox 855 408 1033 455; x_wconf 85' lang='lat' dir='ltr'>Gauda,</span> <span class='ocrx_word' id='word_1_31' title='bbox 1070 407 1349 457; x_wconf 69' lang='lat' dir='ltr'>Aldenardo,</span> <span class='ocrx_word' id='word_1_32' title='bbox 1387 410 1534 448; x_wconf 74' lang='lat' dir='ltr'>Donza</span> <span class='ocrx_word' id='word_1_33' title='bbox 1576 416 1618 447; x_wconf 84' lang='lat' dir='ltr'>et</span> 
     </span>
     <span class='ocr_line' id='line_1_5' title="bbox 132 475 1616 533; baseline -0.002 -15"><span class='ocrx_word' id='word_1_34' title='bbox 132 478 322 519; x_wconf 87' lang='lat' dir='ltr'>Casleto.</span> <span class='ocrx_word' id='word_1_35' title='bbox 372 478 514 533; x_wconf 70' lang='lat' dir='ltr'>‘Majus</span> <span class='ocrx_word' id='word_1_36' title='bbox 562 477 767 518; x_wconf 86' lang='lat' dir='ltr'>motivum</span> <span class='ocrx_word' id='word_1_37' title='bbox 820 492 979 533; x_wconf 76' lang='lat' dir='ltr'>guerre</span> <span class='ocrx_word' id='word_1_38' title='bbox 1020 475 1218 532; x_wconf 73' lang='lat' dir='ltr'><strong>predicte</strong></span> <span class='ocrx_word' id='word_1_39' title='bbox 1271 485 1313 516; x_wconf 89' lang='lat' dir='ltr'>et</span> <span class='ocrx_word' id='word_1_40' title='bbox 1361 491 1616 533; x_wconf 72' lang='lat' dir='ltr'>magnorum</span> 
     </span>
     <span class='ocr_line' id='line_1_6' title="bbox 133 532 1616 598; baseline -0.003 -15"><span class='ocrx_word' id='word_1_41' title='bbox 133 543 345 583; x_wconf 86' lang='lat' dir='ltr'>malorum</span> <span class='ocrx_word' id='word_1_42' title='bbox 382 542 748 598; x_wconf 84' lang='lat' dir='ltr'>subsequentium</span> <span class='ocrx_word' id='word_1_43' title='bbox 789 541 872 581; x_wconf 86' lang='lat' dir='ltr'>hoc</span> <span class='ocrx_word' id='word_1_44' title='bbox 910 549 1042 581; x_wconf 87' lang='lat' dir='ltr'>erat:</span> <span class='ocrx_word' id='word_1_45' title='bbox 1088 556 1232 581; x_wconf 89' lang='lat' dir='ltr'>comes</span> <span class='ocrx_word' id='word_1_46' title='bbox 1282 532 1453 592; x_wconf 80' lang='lat' dir='ltr'>Guido,</span> <span class='ocrx_word' id='word_1_47' title='bbox 1504 541 1616 580; x_wconf 86' lang='lat' dir='ltr'>eirca</span> 
     </span>
     <span class='ocr_line' id='line_1_7' title="bbox 131 607 1616 667; baseline -0.002 -16"><span class='ocrx_word' id='word_1_48' title='bbox 131 610 396 667; x_wconf 86' lang='lat' dir='ltr'>principium</span> <span class='ocrx_word' id='word_1_49' title='bbox 427 609 551 659; x_wconf 85' lang='lat' dir='ltr'>anni,</span> <span class='ocrx_word' id='word_1_50' title='bbox 583 609 626 650; x_wconf 88' lang='lat' dir='ltr'>in</span> <span class='ocrx_word' id='word_1_51' title='bbox 656 625 741 666; x_wconf 87' lang='lat' dir='ltr'>quo</span> <span class='ocrx_word' id='word_1_52' title='bbox 769 626 789 649; x_wconf 90' lang='lat' dir='ltr'>a</span> <span class='ocrx_word' id='word_1_53' title='bbox 823 624 925 663; x_wconf 74' lang='lat' dir='ltr'>rege</span> <span class='ocrx_word' id='word_1_54' title='bbox 954 610 1221 650; x_wconf 73' lang='lat' dir='ltr'>Francorum</span> <span class='ocrx_word' id='word_1_55' title='bbox 1248 607 1452 657; x_wconf 79' lang='lat' dir='ltr'><strong>recessit,</strong></span> <span class='ocrx_word' id='word_1_56' title='bbox 1485 607 1616 648; x_wconf 80' lang='lat' dir='ltr'>filiam</span> 
     </span>
     <span class='ocr_line' id='line_1_8' title="bbox 132 675 1618 734; baseline -0.002 -15"><span class='ocrx_word' id='word_1_57' title='bbox 132 695 250 719; x_wconf 88' lang='lat' dir='ltr'>suam</span> <span class='ocrx_word' id='word_1_58' title='bbox 289 677 540 734; x_wconf 82' lang='lat' dir='ltr'>Philippam</span> <span class='ocrx_word' id='word_1_59' title='bbox 578 678 924 734; x_wconf 82' lang='lat' dir='ltr'>desponsaverat</span> <span class='ocrx_word' id='word_1_60' title='bbox 963 675 1194 734; x_wconf 82' lang='lat' dir='ltr'>unigenito</span> <span class='ocrx_word' id='word_1_61' title='bbox 1229 676 1457 725; x_wconf 74' lang='lat' dir='ltr'>Edwardi,</span> <span class='ocrx_word' id='word_1_62' title='bbox 1502 676 1618 732; x_wconf 82' lang='lat' dir='ltr'>regis</span> 
     </span>
     <span class='ocr_line' id='line_1_9' title="bbox 131 744 1618 804; baseline -0.002 -17"><span class='ocrx_word' id='word_1_63' title='bbox 131 746 307 804; x_wconf 75' lang='lat' dir='ltr'>Anglic,</span> <span class='ocrx_word' id='word_1_64' title='bbox 336 762 432 787; x_wconf 88' lang='lat' dir='ltr'>cum</span> <span class='ocrx_word' id='word_1_65' title='bbox 460 761 562 802; x_wconf 81' lang='lat' dir='ltr'>rege</span> <span class='ocrx_word' id='word_1_66' title='bbox 585 746 853 786; x_wconf 82' lang='lat' dir='ltr'>Francorum</span> <span class='ocrx_word' id='word_1_67' title='bbox 881 744 1206 794; x_wconf 75' lang='lat' dir='ltr'>discordantis3</span> <span class='ocrx_word' id='word_1_68' title='bbox 1237 744 1355 801; x_wconf 85' lang='lat' dir='ltr'>quod</span> <span class='ocrx_word' id='word_1_69' title='bbox 1383 760 1459 785; x_wconf 79' lang='lat' dir='ltr'>rex</span> <span class='ocrx_word' id='word_1_70' title='bbox 1482 746 1618 786; x_wconf 87' lang='lat' dir='ltr'>Fran-</span> 
     </span>
     <span class='ocr_line' id='line_1_10' title="bbox 133 811 1615 872; baseline -0.001 -17"><span class='ocrx_word' id='word_1_71' title='bbox 133 830 282 856; x_wconf 83' lang='lat' dir='ltr'>corum</span> <span class='ocrx_word' id='word_1_72' title='bbox 310 813 580 872; x_wconf 81' lang='lat' dir='ltr'>intelligenS,</span> <span class='ocrx_word' id='word_1_73' title='bbox 612 813 806 870; x_wconf 89' lang='lat' dir='ltr'>pessimo</span> <span class='ocrx_word' id='word_1_74' title='bbox 832 812 1019 853; x_wconf 88' lang='lat' dir='ltr'>consilio</span> <span class='ocrx_word' id='word_1_75' title='bbox 1049 811 1386 853; x_wconf 78' lang='lat' dir='ltr'>camerariorum</span> <span class='ocrx_word' id='word_1_76' title='bbox 1422 829 1615 862; x_wconf 89' lang='lat' dir='ltr'>suorum,</span> 
     </span>
     <span class='ocr_line' id='line_1_11' title="bbox 134 879 1619 936; baseline -0.001 -14"><span class='ocrx_word' id='word_1_77' title='bbox 134 881 353 922; x_wconf 84' lang='lat' dir='ltr'>mandavit</span> <span class='ocrx_word' id='word_1_78' title='bbox 379 880 528 921; x_wconf 88' lang='lat' dir='ltr'>comiti</span> <span class='ocrx_word' id='word_1_79' title='bbox 556 881 751 921; x_wconf 78' lang='lat' dir='ltr'>Guidoni</span> <span class='ocrx_word' id='word_1_80' title='bbox 783 889 824 921; x_wconf 90' lang='lat' dir='ltr'>et</span> <span class='ocrx_word' id='word_1_81' title='bbox 848 879 972 921; x_wconf 81' lang='lat' dir='ltr'>uxori</span> <span class='ocrx_word' id='word_1_82' title='bbox 1004 896 1095 929; x_wconf 89' lang='lat' dir='ltr'>sue,</span> <span class='ocrx_word' id='word_1_83' title='bbox 1125 879 1244 936; x_wconf 83' lang='lat' dir='ltr'>quod</span> <span class='ocrx_word' id='word_1_84' title='bbox 1274 879 1327 920; x_wconf 81' lang='lat' dir='ltr'>acl</span> <span class='ocrx_word' id='word_1_85' title='bbox 1357 896 1402 920; x_wconf 90' lang='lat' dir='ltr'>se</span> <span class='ocrx_word' id='word_1_86' title='bbox 1424 880 1619 921; x_wconf 88' lang='lat' dir='ltr'>Parisius</span> 
     </span>
     <span class='ocr_line' id='line_1_12' title="bbox 132 947 1619 1005; baseline -0.001 -16"><span class='ocrx_word' id='word_1_87' title='bbox 132 948 348 990; x_wconf 80' lang='lat' dir='ltr'>venirent.</span> <span class='ocrx_word' id='word_1_88' title='bbox 384 948 450 989; x_wconf 78' lang='lat' dir='ltr'>Ad</span> <span class='ocrx_word' id='word_1_89' title='bbox 485 964 614 1005; x_wconf 84' lang='lat' dir='ltr'>quem</span> <span class='ocrx_word' id='word_1_90' title='bbox 648 964 745 989; x_wconf 90' lang='lat' dir='ltr'>cum</span> <span class='ocrx_word' id='word_1_91' title='bbox 775 949 1022 997; x_wconf 82' lang='lat' dir='ltr'>venissent,</span> <span class='ocrx_word' id='word_1_92' title='bbox 1062 947 1349 1004; x_wconf 75' lang='lat' dir='ltr'>interrogavit</span> <span class='ocrx_word' id='word_1_93' title='bbox 1378 964 1451 988; x_wconf 86' lang='lat' dir='ltr'>rex</span> <span class='ocrx_word' id='word_1_94' title='bbox 1485 949 1619 989; x_wconf 88' lang='lat' dir='ltr'>comi-</span> 
     </span>
     <span class='ocr_line' id='line_1_13' title="bbox 132 1015 1618 1073; baseline -0.001 -16"><span class='ocrx_word' id='word_1_95' title='bbox 132 1026 242 1066; x_wconf 82' lang='lat' dir='ltr'>tem,</span> <span class='ocrx_word' id='word_1_96' title='bbox 286 1032 419 1073; x_wconf 83' lang='lat' dir='ltr'>quare</span> <span class='ocrx_word' id='word_1_97' title='bbox 460 1015 555 1057; x_wconf 89' lang='lat' dir='ltr'>sine</span> <span class='ocrx_word' id='word_1_98' title='bbox 591 1016 767 1057; x_wconf 88' lang='lat' dir='ltr'>lieentia</span> <span class='ocrx_word' id='word_1_99' title='bbox 806 1032 879 1056; x_wconf 87' lang='lat' dir='ltr'>sua</span> <span class='ocrx_word' id='word_1_100' title='bbox 919 1015 1051 1056; x_wconf 81' lang='lat' dir='ltr'>filiam</span> <span class='ocrx_word' id='word_1_101' title='bbox 1088 1032 1209 1056; x_wconf 91' lang='lat' dir='ltr'>suam</span> <span class='ocrx_word' id='word_1_102' title='bbox 1250 1015 1339 1055; x_wconf 80' lang='lat' dir='ltr'>filio</span> <span class='ocrx_word' id='word_1_103' title='bbox 1373 1015 1513 1056; x_wconf 86' lang='lat' dir='ltr'>hostis</span> <span class='ocrx_word' id='word_1_104' title='bbox 1555 1015 1618 1055; x_wconf 88' lang='lat' dir='ltr'>sui</span> 
     </span>
     <span class='ocr_line' id='line_1_14' title="bbox 133 1083 1618 1142; baseline -0.001 -17"><span class='ocrx_word' id='word_1_105' title='bbox 133 1084 464 1141; x_wconf 82' lang='lat' dir='ltr'>desponsasset,</span> <span class='ocrx_word' id='word_1_106' title='bbox 497 1092 539 1125; x_wconf 88' lang='lat' dir='ltr'>et</span> <span class='ocrx_word' id='word_1_107' title='bbox 568 1093 711 1125; x_wconf 86' lang='lat' dir='ltr'>utrum</span> <span class='ocrx_word' id='word_1_108' title='bbox 744 1084 904 1142; x_wconf 68' lang='lat' dir='ltr'>Anglie</span> <span class='ocrx_word' id='word_1_109' title='bbox 934 1085 1024 1140; x_wconf 68' lang='lat' dir='ltr'>regi</span> <span class='ocrx_word' id='word_1_110' title='bbox 1060 1083 1197 1141; x_wconf 78' lang='lat' dir='ltr'>magis</span> <span class='ocrx_word' id='word_1_111' title='bbox 1230 1099 1358 1140; x_wconf 88' lang='lat' dir='ltr'>quam</span> <span class='ocrx_word' id='word_1_112' title='bbox 1391 1083 1473 1124; x_wconf 84' lang='lat' dir='ltr'>sibi</span> <span class='ocrx_word' id='word_1_113' title='bbox 1515 1084 1618 1124; x_wconf 76' lang='lat' dir='ltr'>save-</span> 
     </span>
     <span class='ocr_line' id='line_1_15' title="bbox 133 1151 1617 1209; baseline -0.001 -16"><span class='ocrx_word' id='word_1_114' title='bbox 133 1161 215 1202; x_wconf 88' lang='lat' dir='ltr'>ret,</span> <span class='ocrx_word' id='word_1_115' title='bbox 240 1160 282 1193; x_wconf 88' lang='lat' dir='ltr'>et</span> <span class='ocrx_word' id='word_1_116' title='bbox 304 1151 337 1192; x_wconf 87' lang='lat' dir='ltr'>si</span> <span class='ocrx_word' id='word_1_117' title='bbox 362 1152 444 1193; x_wconf 86' lang='lat' dir='ltr'>sibi</span> <span class='ocrx_word' id='word_1_118' title='bbox 465 1168 562 1193; x_wconf 84' lang='lat' dir='ltr'>eum</span> <span class='ocrx_word' id='word_1_119' title='bbox 580 1152 675 1209; x_wconf 86' lang='lat' dir='ltr'>ipso</span> <span class='ocrx_word' id='word_1_120' title='bbox 696 1153 902 1193; x_wconf 84' lang='lat' dir='ltr'>resistere</span> <span class='ocrx_word' id='word_1_121' title='bbox 924 1152 1070 1192; x_wconf 80' lang='lat' dir='ltr'>vellet.</span> <span class='ocrx_word' id='word_1_122' title='bbox 1098 1152 1177 1193; x_wconf 87' lang='lat' dir='ltr'>Cui</span> <span class='ocrx_word' id='word_1_123' title='bbox 1201 1167 1347 1192; x_wconf 86' lang='lat' dir='ltr'>comes</span> <span class='ocrx_word' id='word_1_124' title='bbox 1371 1151 1617 1208; x_wconf 82' lang='lat' dir='ltr'>respondit,</span> 
     </span>
     <span class='ocr_line' id='line_1_16' title="bbox 134 1219 1617 1276; baseline -0.001 -15"><span class='ocrx_word' id='word_1_125' title='bbox 134 1237 178 1261; x_wconf 90' lang='lat' dir='ltr'>se</span> <span class='ocrx_word' id='word_1_126' title='bbox 199 1220 241 1261; x_wconf 86' lang='lat' dir='ltr'>in</span> <span class='ocrx_word' id='word_1_127' title='bbox 257 1229 425 1261; x_wconf 89' lang='lat' dir='ltr'>tantum</span> <span class='ocrx_word' id='word_1_128' title='bbox 446 1236 619 1261; x_wconf 79' lang='lat' dir='ltr'>servum</span> <span class='ocrx_word' id='word_1_129' title='bbox 645 1236 770 1261; x_wconf 90' lang='lat' dir='ltr'>snum</span> <span class='ocrx_word' id='word_1_130' title='bbox 792 1236 877 1260; x_wconf 93' lang='lat' dir='ltr'>non</span> <span class='ocrx_word' id='word_1_131' title='bbox 899 1236 1011 1270; x_wconf 83' lang='lat' dir='ltr'>esse,</span> <span class='ocrx_word' id='word_1_132' title='bbox 1038 1219 1143 1276; x_wconf 88' lang='lat' dir='ltr'>quin</span> <span class='ocrx_word' id='word_1_133' title='bbox 1175 1219 1312 1260; x_wconf 88' lang='lat' dir='ltr'>libere</span> <span class='ocrx_word' id='word_1_134' title='bbox 1342 1219 1473 1260; x_wconf 79' lang='lat' dir='ltr'>filiam</span> <span class='ocrx_word' id='word_1_135' title='bbox 1500 1235 1617 1260; x_wconf 90' lang='lat' dir='ltr'>suam</span> 
     </span>
     <span class='ocr_line' id='line_1_17' title="bbox 132 1287 1620 1345; baseline -0.001 -16"><span class='ocrx_word' id='word_1_136' title='bbox 132 1297 297 1345; x_wconf 85' lang='lat' dir='ltr'>posset,</span> <span class='ocrx_word' id='word_1_137' title='bbox 321 1304 406 1345; x_wconf 86' lang='lat' dir='ltr'>quo</span> <span class='ocrx_word' id='word_1_138' title='bbox 431 1288 584 1329; x_wconf 81' lang='lat' dir='ltr'>melius</span> <span class='ocrx_word' id='word_1_139' title='bbox 607 1298 647 1329; x_wconf 87' lang='lat' dir='ltr'>et</span> <span class='ocrx_word' id='word_1_140' title='bbox 672 1287 864 1329; x_wconf 81' lang='lat' dir='ltr'>nobilius</span> <span class='ocrx_word' id='word_1_141' title='bbox 887 1288 1066 1337; x_wconf 80' lang='lat' dir='ltr'>valeret,</span> <span class='ocrx_word' id='word_1_142' title='bbox 1094 1287 1188 1327; x_wconf 89' lang='lat' dir='ltr'>sine</span> <span class='ocrx_word' id='word_1_143' title='bbox 1212 1304 1284 1328; x_wconf 87' lang='lat' dir='ltr'>sua</span> <span class='ocrx_word' id='word_1_144' title='bbox 1315 1287 1493 1328; x_wconf 86' lang='lat' dir='ltr'>licentia</span> <span class='ocrx_word' id='word_1_145' title='bbox 1518 1287 1620 1328; x_wconf 86' lang='lat' dir='ltr'>des-</span> 
     </span>
     <span class='ocr_line' id='line_1_18' title="bbox 132 1355 1619 1413; baseline 0 -18"><span class='ocrx_word' id='word_1_146' title='bbox 132 1372 336 1413; x_wconf 60' lang='lat' dir='ltr'>ponsare„</span> <span class='ocrx_word' id='word_1_147' title='bbox 363 1356 536 1413; x_wconf 87' lang='lat' dir='ltr'>etqnod</span> <span class='ocrx_word' id='word_1_148' title='bbox 561 1355 652 1413; x_wconf 80' lang='lat' dir='ltr'>regi</span> <span class='ocrx_word' id='word_1_149' title='bbox 672 1356 831 1413; x_wconf 65' lang='lat' dir='ltr'>Auglie</span> <span class='ocrx_word' id='word_1_150' title='bbox 855 1372 941 1396; x_wconf 91' lang='lat' dir='ltr'>non</span> <span class='ocrx_word' id='word_1_151' title='bbox 965 1365 1050 1397; x_wconf 88' lang='lat' dir='ltr'>tam</span> <span class='ocrx_word' id='word_1_152' title='bbox 1068 1356 1244 1400; x_wconf 75' lang='lat' dir='ltr'>faveret,</span> <span class='ocrx_word' id='word_1_153' title='bbox 1271 1356 1374 1411; x_wconf 84' lang='lat' dir='ltr'>quin</span> <span class='ocrx_word' id='word_1_154' title='bbox 1392 1355 1492 1404; x_wconf 86' lang='lat' dir='ltr'>sibi,</span> <span class='ocrx_word' id='word_1_155' title='bbox 1516 1364 1619 1396; x_wconf 90' lang='lat' dir='ltr'>tam-</span> 
     </span>
     <span class='ocr_line' id='line_1_19' title="bbox 134 1423 1621 1481; baseline -0.001 -17"><span class='ocrx_word' id='word_1_156' title='bbox 134 1440 262 1481; x_wconf 88' lang='lat' dir='ltr'>quam</span> <span class='ocrx_word' id='word_1_157' title='bbox 291 1423 469 1464; x_wconf 87' lang='lat' dir='ltr'>domino</span> <span class='ocrx_word' id='word_1_158' title='bbox 499 1440 598 1473; x_wconf 92' lang='lat' dir='ltr'>suo,</span> <span class='ocrx_word' id='word_1_159' title='bbox 634 1424 904 1472; x_wconf 83' lang='lat' dir='ltr'>famulatum,</span> <span class='ocrx_word' id='word_1_160' title='bbox 938 1439 1065 1481; x_wconf 87' lang='lat' dir='ltr'>quem</span> <span class='ocrx_word' id='word_1_161' title='bbox 1102 1423 1271 1473; x_wconf 85' lang='lat' dir='ltr'>debuit,</span> <span class='ocrx_word' id='word_1_162' title='bbox 1300 1423 1544 1473; x_wconf 83' lang='lat' dir='ltr'>exhiberet,</span> <span class='ocrx_word' id='word_1_163' title='bbox 1580 1431 1621 1463; x_wconf 85' lang='lat' dir='ltr'>et</span> 
     </span>
     <span class='ocr_line' id='line_1_20' title="bbox 134 1491 1617 1547; baseline -0.001 -14"><span class='ocrx_word' id='word_1_164' title='bbox 134 1492 390 1534; x_wconf 84' lang='lat' dir='ltr'>fidelitatem</span> <span class='ocrx_word' id='word_1_165' title='bbox 415 1492 456 1532; x_wconf 89' lang='lat' dir='ltr'>in</span> <span class='ocrx_word' id='word_1_166' title='bbox 478 1492 681 1532; x_wconf 88' lang='lat' dir='ltr'>omnibus</span> <span class='ocrx_word' id='word_1_167' title='bbox 699 1501 996 1533; x_wconf 84' lang='lat' dir='ltr'>conservaret.</span> <span class='ocrx_word' id='word_1_168' title='bbox 1019 1493 1111 1544; x_wconf 88' lang='lat' dir='ltr'>Qua</span> <span class='ocrx_word' id='word_1_169' title='bbox 1132 1491 1422 1547; x_wconf 80' lang='lat' dir='ltr'>responsione</span> <span class='ocrx_word' id='word_1_170' title='bbox 1443 1507 1516 1532; x_wconf 85' lang='lat' dir='ltr'>rex</span> <span class='ocrx_word' id='word_1_171' title='bbox 1533 1507 1617 1531; x_wconf 92' lang='lat' dir='ltr'>non</span> 
     </span>
     <span class='ocr_line' id='line_1_21' title="bbox 134 1559 1620 1617; baseline -0.001 -16"><span class='ocrx_word' id='word_1_172' title='bbox 134 1568 369 1601; x_wconf 86' lang='lat' dir='ltr'>contentus</span> <span class='ocrx_word' id='word_1_173' title='bbox 402 1576 482 1601; x_wconf 89' lang='lat' dir='ltr'>nec</span> <span class='ocrx_word' id='word_1_174' title='bbox 520 1568 722 1617; x_wconf 85' lang='lat' dir='ltr'>pacatus,</span> <span class='ocrx_word' id='word_1_175' title='bbox 760 1560 959 1617; x_wconf 77' lang='lat' dir='ltr'>precepit</span> <span class='ocrx_word' id='word_1_176' title='bbox 996 1559 1145 1601; x_wconf 89' lang='lat' dir='ltr'>comiti</span> <span class='ocrx_word' id='word_1_177' title='bbox 1177 1568 1218 1600; x_wconf 86' lang='lat' dir='ltr'>et</span> <span class='ocrx_word' id='word_1_178' title='bbox 1253 1560 1374 1600; x_wconf 81' lang='lat' dir='ltr'>uxori</span> <span class='ocrx_word' id='word_1_179' title='bbox 1412 1561 1527 1616; x_wconf 83' lang='lat' dir='ltr'>ejus,</span> <span class='ocrx_word' id='word_1_180' title='bbox 1569 1575 1620 1599; x_wconf 87' lang='lat' dir='ltr'>ne</span> 
     </span>
     <span class='ocr_line' id='line_1_22' title="bbox 135 1627 1619 1685; baseline -0.001 -16"><span class='ocrx_word' id='word_1_181' title='bbox 135 1628 329 1669; x_wconf 83' lang='lat' dir='ltr'>Parisius</span> <span class='ocrx_word' id='word_1_182' title='bbox 349 1629 535 1674; x_wconf 83' lang='lat' dir='ltr'>exirent,</span> <span class='ocrx_word' id='word_1_183' title='bbox 562 1636 795 1685; x_wconf 88' lang='lat' dir='ltr'>antequam</span> <span class='ocrx_word' id='word_1_184' title='bbox 819 1628 947 1668; x_wconf 76' lang='lat' dir='ltr'>filiam</span> <span class='ocrx_word' id='word_1_185' title='bbox 977 1627 1170 1685; x_wconf 86' lang='lat' dir='ltr'>ipsorum</span> <span class='ocrx_word' id='word_1_186' title='bbox 1196 1644 1333 1685; x_wconf 88' lang='lat' dir='ltr'>penes</span> <span class='ocrx_word' id='word_1_187' title='bbox 1357 1643 1400 1667; x_wconf 90' lang='lat' dir='ltr'>se</span> <span class='ocrx_word' id='word_1_188' title='bbox 1422 1628 1619 1675; x_wconf 83' lang='lat' dir='ltr'>haberet,</span> 
     </span>
     <span class='ocr_line' id='line_1_23' title="bbox 137 1695 1619 1753; baseline 0 -17"><span class='ocrx_word' id='word_1_189' title='bbox 137 1696 225 1736; x_wconf 80' lang='lat' dir='ltr'>tilio</span> <span class='ocrx_word' id='word_1_190' title='bbox 252 1697 368 1753; x_wconf 73' lang='lat' dir='ltr'>regis</span> <span class='ocrx_word' id='word_1_191' title='bbox 390 1696 549 1753; x_wconf 69' lang='lat' dir='ltr'>Anglie</span> <span class='ocrx_word' id='word_1_192' title='bbox 575 1695 905 1752; x_wconf 87' lang='lat' dir='ltr'>desponsatam.</span> <span class='ocrx_word' id='word_1_193' title='bbox 936 1695 1064 1749; x_wconf 85' lang='lat' dir='ltr'>Quod</span> <span class='ocrx_word' id='word_1_194' title='bbox 1093 1705 1349 1752; x_wconf 84' lang='lat' dir='ltr'>preceptum</span> <span class='ocrx_word' id='word_1_195' title='bbox 1374 1695 1619 1745; x_wconf 73' lang='lat' dir='ltr'>audientes,</span> 
     </span>
     <span class='ocr_line' id='line_1_24' title="bbox 135 1763 1619 1821; baseline 0 -18"><span class='ocrx_word' id='word_1_196' title='bbox 135 1764 424 1821; x_wconf 84' lang='lat' dir='ltr'>videntesque</span> <span class='ocrx_word' id='word_1_197' title='bbox 450 1780 494 1804; x_wconf 86' lang='lat' dir='ltr'>se</span> <span class='ocrx_word' id='word_1_198' title='bbox 524 1764 798 1821; x_wconf 74' lang='lat' dir='ltr'>malignitate</span> <span class='ocrx_word' id='word_1_199' title='bbox 834 1772 1096 1821; x_wconf 80' lang='lat' dir='ltr'>preventos,</span> <span class='ocrx_word' id='word_1_200' title='bbox 1131 1764 1272 1805; x_wconf 85' lang='lat' dir='ltr'>coacti</span> <span class='ocrx_word' id='word_1_201' title='bbox 1301 1763 1619 1820; x_wconf 87' lang='lat' dir='ltr'>permiserunt,</span> 
     </span>
     <span class='ocr_line' id='line_1_25' title="bbox 137 1831 1621 1891; baseline -0.001 -19"><span class='ocrx_word' id='word_1_202' title='bbox 137 1832 267 1873; x_wconf 77' lang='lat' dir='ltr'>filiam</span> <span class='ocrx_word' id='word_1_203' title='bbox 298 1848 419 1872; x_wconf 89' lang='lat' dir='ltr'>suam</span> <span class='ocrx_word' id='word_1_204' title='bbox 445 1848 465 1872; x_wconf 93' lang='lat' dir='ltr'>a</span> <span class='ocrx_word' id='word_1_205' title='bbox 497 1831 710 1872; x_wconf 83' lang='lat' dir='ltr'>militibus</span> <span class='ocrx_word' id='word_1_206' title='bbox 742 1832 858 1891; x_wconf 79' lang='lat' dir='ltr'>regis</span> <span class='ocrx_word' id='word_1_207' title='bbox 888 1832 941 1872; x_wconf 90' lang='lat' dir='ltr'>de</span> <span class='ocrx_word' id='word_1_208' title='bbox 972 1832 1175 1872; x_wconf 80' lang='lat' dir='ltr'>Flandria</span> <span class='ocrx_word' id='word_1_209' title='bbox 1203 1831 1298 1872; x_wconf 90' lang='lat' dir='ltr'>tolli</span> <span class='ocrx_word' id='word_1_210' title='bbox 1326 1840 1367 1871; x_wconf 83' lang='lat' dir='ltr'>et</span> <span class='ocrx_word' id='word_1_211' title='bbox 1397 1831 1449 1871; x_wconf 91' lang='lat' dir='ltr'>ad</span> <span class='ocrx_word' id='word_1_212' title='bbox 1478 1831 1621 1887; x_wconf 84' lang='lat' dir='ltr'>ipsum</span> 
     </span>
     <span class='ocr_line' id='line_1_26' title="bbox 138 1899 1620 1958; baseline -0.001 -17"><span class='ocrx_word' id='word_1_213' title='bbox 138 1916 284 1958; x_wconf 85' lang='lat' dir='ltr'>regem</span> <span class='ocrx_word' id='word_1_214' title='bbox 323 1900 515 1941; x_wconf 63' lang='lat' dir='ltr'>Paris-ius</span> <span class='ocrx_word' id='word_1_215' title='bbox 548 1899 698 1950; x_wconf 87' lang='lat' dir='ltr'>aduci;</span> <span class='ocrx_word' id='word_1_216' title='bbox 742 1917 825 1957; x_wconf 85' lang='lat' dir='ltr'>que</span> <span class='ocrx_word' id='word_1_217' title='bbox 866 1899 943 1941; x_wconf 75' lang='lat' dir='ltr'>snit</span> <span class='ocrx_word' id='word_1_218' title='bbox 981 1900 1033 1940; x_wconf 90' lang='lat' dir='ltr'>ab</span> <span class='ocrx_word' id='word_1_219' title='bbox 1071 1900 1167 1957; x_wconf 85' lang='lat' dir='ltr'>ipso</span> <span class='ocrx_word' id='word_1_220' title='bbox 1203 1908 1325 1956; x_wconf 87' lang='lat' dir='ltr'>capta</span> <span class='ocrx_word' id='word_1_221' title='bbox 1369 1908 1411 1940; x_wconf 90' lang='lat' dir='ltr'>ct</span> <span class='ocrx_word' id='word_1_222' title='bbox 1445 1899 1620 1939; x_wconf 87' lang='lat' dir='ltr'>detenta</span> 
     </span>
     <span class='ocr_line' id='line_1_27' title="bbox 137 1966 1621 2026; baseline -0.002 -17"><span class='ocrx_word' id='word_1_223' title='bbox 137 1985 274 2025; x_wconf 87' lang='lat' dir='ltr'>usque</span> <span class='ocrx_word' id='word_1_224' title='bbox 292 1968 343 2010; x_wconf 87' lang='lat' dir='ltr'>ad</span> <span class='ocrx_word' id='word_1_225' title='bbox 364 1968 480 2009; x_wconf 87' lang='lat' dir='ltr'>diem</span> <span class='ocrx_word' id='word_1_226' title='bbox 499 1968 650 2009; x_wconf 83' lang='lat' dir='ltr'>mortis</span> <span class='ocrx_word' id='word_1_227' title='bbox 671 1984 759 2009; x_wconf 89' lang='lat' dir='ltr'>sue.</span> <span class='ocrx_word' id='word_1_228' title='bbox 783 1970 818 2009; x_wconf 88' lang='lat' dir='ltr'>O</span> <span class='ocrx_word' id='word_1_229' title='bbox 836 1984 935 2009; x_wconf 87' lang='lat' dir='ltr'>vere</span> <span class='ocrx_word' id='word_1_230' title='bbox 954 1967 1213 2009; x_wconf 85' lang='lat' dir='ltr'>vilissimum</span> <span class='ocrx_word' id='word_1_231' title='bbox 1229 1984 1368 2026; x_wconf 79' lang='lat' dir='ltr'>genus</span> <span class='ocrx_word' id='word_1_232' title='bbox 1384 1966 1621 2024; x_wconf 78' lang='lat' dir='ltr'>guerrandi</span> 
     </span>
     <span class='ocr_line' id='line_1_28' title="bbox 138 2035 1622 2094; baseline -0.001 -17"><span class='ocrx_word' id='word_1_233' title='bbox 138 2046 178 2077; x_wconf 91' lang='lat' dir='ltr'>et</span> <span class='ocrx_word' id='word_1_234' title='bbox 198 2036 430 2093; x_wconf 86' lang='lat' dir='ltr'>preliandi,</span> <span class='ocrx_word' id='word_1_235' title='bbox 456 2045 539 2076; x_wconf 91' lang='lat' dir='ltr'>tam</span> <span class='ocrx_word' id='word_1_236' title='bbox 564 2035 754 2078; x_wconf 87' lang='lat' dir='ltr'>nobilem</span> <span class='ocrx_word' id='word_1_237' title='bbox 778 2052 925 2094; x_wconf 82' lang='lat' dir='ltr'>regem</span> <span class='ocrx_word' id='word_1_238' title='bbox 946 2045 987 2076; x_wconf 87' lang='lat' dir='ltr'>et</span> <span class='ocrx_word' id='word_1_239' title='bbox 1007 2045 1232 2093; x_wconf 85' lang='lat' dir='ltr'>potentem</span> <span class='ocrx_word' id='word_1_240' title='bbox 1256 2051 1462 2092; x_wconf 88' lang='lat' dir='ltr'>sponsam</span> <span class='ocrx_word' id='word_1_241' title='bbox 1483 2035 1622 2075; x_wconf 84' lang='lat' dir='ltr'>hostis</span> 
     </span>
     <span class='ocr_line' id='line_1_29' title="bbox 138 2106 1623 2164; baseline -0.001 -16"><span class='ocrx_word' id='word_1_242' title='bbox 138 2107 202 2148; x_wconf 86' lang='lat' dir='ltr'>sui</span> <span class='ocrx_word' id='word_1_243' title='bbox 226 2108 288 2148; x_wconf 88' lang='lat' dir='ltr'>sic</span> <span class='ocrx_word' id='word_1_244' title='bbox 319 2107 420 2148; x_wconf 87' lang='lat' dir='ltr'>dolo</span> <span class='ocrx_word' id='word_1_245' title='bbox 449 2107 604 2148; x_wconf 89' lang='lat' dir='ltr'>tollere</span> <span class='ocrx_word' id='word_1_246' title='bbox 630 2115 672 2147; x_wconf 86' lang='lat' dir='ltr'>et</span> <span class='ocrx_word' id='word_1_247' title='bbox 700 2107 975 2148; x_wconf 87' lang='lat' dir='ltr'>incurialiter</span> <span class='ocrx_word' id='word_1_248' title='bbox 1004 2106 1223 2164; x_wconf 71' lang='lat' dir='ltr'>captivare</span> <span class='ocrx_word' id='word_1_249' title='bbox 1250 2107 1275 2147; x_wconf 79' lang='lat'>¹!</span> <span class='ocrx_word' id='word_1_250' title='bbox 1306 2108 1461 2147; x_wconf 81' lang='lat' dir='ltr'>Comes</span> <span class='ocrx_word' id='word_1_251' title='bbox 1490 2106 1623 2162; x_wconf 68' lang='lat' dir='ltr'>igitur</span> 
     </span>
    </p>
   </div>
   <div class='ocr_carea' id='block_1_3' title="bbox 138 2253 1626 2791">
    <p class='ocr_par' dir='ltr' id='par_1_3' title="bbox 138 2253 1626 2791">
     <span class='ocr_line' id='line_1_30' title="bbox 179 2253 1624 2294; baseline -0.002 -10"><span class='ocrx_word' id='word_1_252' title='bbox 179 2255 207 2284; x_wconf 77' lang='grc'>1.</span> <span class='ocrx_word' id='word_1_253' title='bbox 234 2255 278 2284; x_wconf 83' lang='lat' dir='ltr'>Le</span> <span class='ocrx_word' id='word_1_254' title='bbox 310 2254 542 2294; x_wconf 84' lang='lat' dir='ltr'>chroniqnenr</span> <span class='ocrx_word' id='word_1_255' title='bbox 576 2265 616 2284; x_wconf 88' lang='lat' dir='ltr'>ne</span> <span class='ocrx_word' id='word_1_256' title='bbox 650 2259 815 2294; x_wconf 86' lang='lat' dir='ltr'>rapporte</span> <span class='ocrx_word' id='word_1_257' title='bbox 846 2265 919 2294; x_wconf 84' lang='lat' dir='ltr'>pas,</span> <span class='ocrx_word' id='word_1_258' title='bbox 955 2254 1041 2284; x_wconf 81' lang='lat' dir='ltr'>dans</span> <span class='ocrx_word' id='word_1_259' title='bbox 1075 2265 1111 2283; x_wconf 83' lang='lat' dir='ltr'>ee</span> <span class='ocrx_word' id='word_1_260' title='bbox 1139 2264 1301 2294; x_wconf 81' lang='lat' dir='ltr'>passage.</span> <span class='ocrx_word' id='word_1_261' title='bbox 1330 2254 1379 2283; x_wconf 81' lang='lat' dir='ltr'>les</span> <span class='ocrx_word' id='word_1_262' title='bbox 1412 2254 1491 2283; x_wconf 78' lang='lat' dir='ltr'>faits</span> <span class='ocrx_word' id='word_1_263' title='bbox 1524 2253 1624 2282; x_wconf 75' lang='lat' dir='ltr'>d&#39;une</span> 
     </span>
     <span class='ocr_line' id='line_1_31' title="bbox 138 2295 1623 2335; baseline -0.001 -10"><span class='ocrx_word' id='word_1_264' title='bbox 138 2296 289 2326; x_wconf 75' lang='lat' dir='ltr'>muniere</span> <span class='ocrx_word' id='word_1_265' title='bbox 320 2300 447 2325; x_wconf 81' lang='lat' dir='ltr'>exacte.</span> <span class='ocrx_word' id='word_1_266' title='bbox 479 2296 572 2325; x_wconf 66' lang='lat' dir='ltr'>Yoici</span> <span class='ocrx_word' id='word_1_267' title='bbox 599 2307 639 2325; x_wconf 89' lang='lat' dir='ltr'>en</span> <span class='ocrx_word' id='word_1_268' title='bbox 670 2297 768 2335; x_wconf 79' lang='lat' dir='ltr'>quels</span> <span class='ocrx_word' id='word_1_269' title='bbox 801 2300 925 2325; x_wconf 78' lang='lat' dir='ltr'>termes</span> <span class='ocrx_word' id='word_1_270' title='bbox 956 2296 1019 2326; x_wconf 81' lang='lat' dir='ltr'>Gui</span> <span class='ocrx_word' id='word_1_271' title='bbox 1053 2296 1093 2325; x_wconf 79' lang='lat' dir='ltr'>de</span> <span class='ocrx_word' id='word_1_272' title='bbox 1130 2296 1328 2335; x_wconf 81' lang='lat' dir='ltr'>Dampierre</span> <span class='ocrx_word' id='word_1_273' title='bbox 1362 2296 1542 2324; x_wconf 61' lang='lat' dir='ltr'>lui-meme</span> <span class='ocrx_word' id='word_1_274' title='bbox 1575 2295 1623 2323; x_wconf 82' lang='lat' dir='ltr'>dit</span> 
     </span>
     <span class='ocr_line' id='line_1_32' title="bbox 138 2336 1623 2367; baseline -0.001 0"><span class='ocrx_word' id='word_1_275' title='bbox 138 2341 309 2367; x_wconf 86' lang='lat' dir='ltr'>comment</span> <span class='ocrx_word' id='word_1_276' title='bbox 328 2348 364 2366; x_wconf 83' lang='lat' dir='ltr'>sa</span> <span class='ocrx_word' id='word_1_277' title='bbox 381 2338 449 2366; x_wconf 88' lang='lat' dir='ltr'>fille</span> <span class='ocrx_word' id='word_1_278' title='bbox 468 2338 516 2367; x_wconf 81' lang='lat' dir='ltr'>sut</span> <span class='ocrx_word' id='word_1_279' title='bbox 537 2339 676 2367; x_wconf 61' lang='lat' dir='ltr'>amens—e</span> <span class='ocrx_word' id='word_1_280' title='bbox 695 2341 713 2366; x_wconf 65' lang='lat' dir='ltr'>a</span> <span class='ocrx_word' id='word_1_281' title='bbox 732 2338 828 2367; x_wconf 83' lang='lat' dir='ltr'>Paris</span> <span class='ocrx_word' id='word_1_282' title='bbox 849 2348 854 2367; x_wconf 86' lang='lat'><strong>:</strong></span> <span class='ocrx_word' id='word_1_283' title='bbox 877 2349 890 2366; x_wconf 77' lang='lat' dir='ltr'>r&lt;</span> <span class='ocrx_word' id='word_1_284' title='bbox 910 2338 1000 2367; x_wconf 68' lang='lat' dir='ltr'>Vous</span> <span class='ocrx_word' id='word_1_285' title='bbox 1019 2337 1216 2366; x_wconf 82' lang='lat' dir='ltr'>mandastes</span> <span class='ocrx_word' id='word_1_286' title='bbox 1237 2337 1266 2366; x_wconf 90' lang='lat' dir='ltr'>le</span> <span class='ocrx_word' id='word_1_287' title='bbox 1283 2340 1380 2366; x_wconf 83' lang='lat' dir='ltr'>conte.</span> <span class='ocrx_word' id='word_1_288' title='bbox 1399 2336 1438 2365; x_wconf 83' lang='lat' dir='ltr'>de</span> <span class='ocrx_word' id='word_1_289' title='bbox 1459 2336 1623 2365; x_wconf 80' lang='lat' dir='ltr'>Flandres</span> 
     </span>
     <span class='ocr_line' id='line_1_33' title="bbox 139 2378 1622 2419; baseline -0.001 -11"><span class='ocrx_word' id='word_1_290' title='bbox 139 2390 204 2419; x_wconf 86' lang='lat' dir='ltr'>que</span> <span class='ocrx_word' id='word_1_291' title='bbox 224 2379 248 2408; x_wconf 90' lang='lat' dir='ltr'>il</span> <span class='ocrx_word' id='word_1_292' title='bbox 267 2378 378 2408; x_wconf 78' lang='lat' dir='ltr'>venist</span> <span class='ocrx_word' id='word_1_293' title='bbox 398 2390 417 2408; x_wconf 86' lang='lat' dir='ltr'>a</span> <span class='ocrx_word' id='word_1_294' title='bbox 436 2390 533 2414; x_wconf 68' lang='lat' dir='ltr'>vous,</span> <span class='ocrx_word' id='word_1_295' title='bbox 551 2390 569 2408; x_wconf 86' lang='lat' dir='ltr'>u</span> <span class='ocrx_word' id='word_1_296' title='bbox 587 2379 695 2411; x_wconf 77' lang='lat' dir='ltr'>Paris,</span> <span class='ocrx_word' id='word_1_297' title='bbox 717 2391 734 2408; x_wconf 85' lang='lat' dir='ltr'>a</span> <span class='ocrx_word' id='word_1_298' title='bbox 755 2390 798 2408; x_wconf 87' lang='lat' dir='ltr'>un</span> <span class='ocrx_word' id='word_1_299' title='bbox 820 2379 950 2408; x_wconf 81' lang='lat' dir='ltr'>certain</span> <span class='ocrx_word' id='word_1_300' title='bbox 970 2378 1060 2418; x_wconf 74' lang='lat' dir='ltr'>jour,</span> <span class='ocrx_word' id='word_1_301' title='bbox 1080 2389 1170 2418; x_wconf 87' lang='lat' dir='ltr'>pour</span> <span class='ocrx_word' id='word_1_302' title='bbox 1191 2378 1288 2407; x_wconf 69' lang='lat' dir='ltr'>avoir</span> <span class='ocrx_word' id='word_1_303' title='bbox 1307 2378 1435 2407; x_wconf 84' lang='lat' dir='ltr'>eonseil</span> <span class='ocrx_word' id='word_1_304' title='bbox 1454 2388 1622 2417; x_wconf 67' lang='lat' dir='ltr'>Ovecques</span> 
     </span>
     <span class='ocr_line' id='line_1_34' title="bbox 139 2419 1625 2460; baseline -0.001 -11"><span class='ocrx_word' id='word_1_305' title='bbox 139 2421 187 2449; x_wconf 85' lang='lat' dir='ltr'>lui</span> <span class='ocrx_word' id='word_1_306' title='bbox 202 2425 234 2450; x_wconf 85' lang='lat' dir='ltr'>et</span> <span class='ocrx_word' id='word_1_307' title='bbox 253 2431 420 2460; x_wconf 79' lang='lat' dir='ltr'>ovecques</span> <span class='ocrx_word' id='word_1_308' title='bbox 436 2421 484 2449; x_wconf 88' lang='lat' dir='ltr'>les</span> <span class='ocrx_word' id='word_1_309' title='bbox 501 2425 617 2450; x_wconf 85' lang='lat' dir='ltr'>autres</span> <span class='ocrx_word' id='word_1_310' title='bbox 638 2420 764 2450; x_wconf 82' lang='lat' dir='ltr'>barons</span> <span class='ocrx_word' id='word_1_311' title='bbox 783 2420 823 2450; x_wconf 83' lang='lat' dir='ltr'>de</span> <span class='ocrx_word' id='word_1_312' title='bbox 842 2421 956 2450; x_wconf 72' lang='lat' dir='ltr'>l&#39;estat</span> <span class='ocrx_word' id='word_1_313' title='bbox 974 2420 1018 2449; x_wconf 89' lang='lat' dir='ltr'>dn</span> <span class='ocrx_word' id='word_1_314' title='bbox 1035 2431 1211 2459; x_wconf 68' lang='lat' dir='ltr'>royanme,</span> <span class='ocrx_word' id='word_1_315' title='bbox 1229 2424 1257 2448; x_wconf 83' lang='lat' dir='ltr'>et</span> <span class='ocrx_word' id='word_1_316' title='bbox 1279 2419 1300 2448; x_wconf 90' lang='lat' dir='ltr'>il</span> <span class='ocrx_word' id='word_1_317' title='bbox 1320 2419 1393 2449; x_wconf 66' lang='lat' dir='ltr'>vint</span> <span class='ocrx_word' id='word_1_318' title='bbox 1411 2424 1517 2458; x_wconf 87' lang='lat' dir='ltr'>quant</span> <span class='ocrx_word' id='word_1_319' title='bbox 1535 2430 1575 2447; x_wconf 85' lang='lat' dir='ltr'>en</span> <span class='ocrx_word' id='word_1_320' title='bbox 1591 2423 1625 2447; x_wconf 85' lang='lat' dir='ltr'>ot</span> 
     </span>
     <span class='ocr_line' id='line_1_35' title="bbox 140 2460 1623 2502; baseline -0.001 -11"><span class='ocrx_word' id='word_1_321' title='bbox 140 2461 311 2491; x_wconf 80' lang='lat' dir='ltr'>comeneie</span> <span class='ocrx_word' id='word_1_322' title='bbox 334 2472 352 2490; x_wconf 87' lang='lat' dir='ltr'>a</span> <span class='ocrx_word' id='word_1_323' title='bbox 374 2462 492 2491; x_wconf 82' lang='lat' dir='ltr'>tretier</span> <span class='ocrx_word' id='word_1_324' title='bbox 509 2462 549 2491; x_wconf 87' lang='lat' dir='ltr'>de</span> <span class='ocrx_word' id='word_1_325' title='bbox 568 2473 622 2491; x_wconf 85' lang='lat' dir='ltr'>ces</span> <span class='ocrx_word' id='word_1_326' title='bbox 642 2461 836 2502; x_wconf 75' lang='lat' dir='ltr'>besoignes,</span> <span class='ocrx_word' id='word_1_327' title='bbox 862 2462 898 2492; x_wconf 85' lang='lat' dir='ltr'>Li</span> <span class='ocrx_word' id='word_1_328' title='bbox 920 2462 1038 2491; x_wconf 82' lang='lat' dir='ltr'>eueins</span> <span class='ocrx_word' id='word_1_329' title='bbox 1064 2471 1149 2490; x_wconf 78' lang='lat' dir='ltr'>vous</span> <span class='ocrx_word' id='word_1_330' title='bbox 1172 2465 1338 2492; x_wconf 72' lang='lat' dir='ltr'>monstrav</span> <span class='ocrx_word' id='word_1_331' title='bbox 1360 2472 1447 2500; x_wconf 88' lang='lat' dir='ltr'>pour</span> <span class='ocrx_word' id='word_1_332' title='bbox 1462 2471 1497 2489; x_wconf 87' lang='lat' dir='ltr'>ee</span> <span class='ocrx_word' id='word_1_333' title='bbox 1514 2471 1578 2500; x_wconf 85' lang='lat' dir='ltr'>que</span> <span class='ocrx_word' id='word_1_334' title='bbox 1600 2460 1623 2489; x_wconf 83' lang='lat' dir='ltr'>il</span> 
     </span>
     <span class='ocr_line' id='line_1_36' title="bbox 140 2501 1624 2543; baseline -0.002 -11"><span class='ocrx_word' id='word_1_335' title='bbox 140 2514 180 2532; x_wconf 88' lang='lat' dir='ltr'>ne</span> <span class='ocrx_word' id='word_1_336' title='bbox 200 2502 329 2532; x_wconf 68' lang='lat' dir='ltr'>vouloit</span> <span class='ocrx_word' id='word_1_337' title='bbox 347 2503 412 2532; x_wconf 80' lang='lat' dir='ltr'>mie</span> <span class='ocrx_word' id='word_1_338' title='bbox 433 2514 497 2543; x_wconf 85' lang='lat' dir='ltr'>que</span> <span class='ocrx_word' id='word_1_339' title='bbox 517 2508 631 2533; x_wconf 80' lang='lat' dir='ltr'>autres</span> <span class='ocrx_word' id='word_1_340' title='bbox 656 2514 740 2533; x_wconf 80' lang='lat' dir='ltr'>vous</span> <span class='ocrx_word' id='word_1_341' title='bbox 766 2515 804 2533; x_wconf 89' lang='lat' dir='ltr'>en</span> <span class='ocrx_word' id='word_1_342' title='bbox 831 2503 980 2532; x_wconf 78' lang='lat' dir='ltr'>donnast</span> <span class='ocrx_word' id='word_1_343' title='bbox 1000 2513 1206 2542; x_wconf 77' lang='lat' dir='ltr'>mensonges</span> <span class='ocrx_word' id='word_1_344' title='bbox 1226 2513 1244 2531; x_wconf 88' lang='lat' dir='ltr'>a</span> <span class='ocrx_word' id='word_1_345' title='bbox 1263 2502 1436 2536; x_wconf 69' lang='lat' dir='ltr'>entendre,</span> <span class='ocrx_word' id='word_1_346' title='bbox 1463 2506 1493 2530; x_wconf 86' lang='lat' dir='ltr'>et</span> <span class='ocrx_word' id='word_1_347' title='bbox 1516 2512 1580 2541; x_wconf 80' lang='lat' dir='ltr'>qne</span> <span class='ocrx_word' id='word_1_348' title='bbox 1602 2501 1624 2530; x_wconf 91' lang='lat' dir='ltr'>il</span> 
     </span>
     <span class='ocr_line' id='line_1_37' title="bbox 141 2543 1623 2583; baseline -0.002 -10"><span class='ocrx_word' id='word_1_349' title='bbox 141 2544 272 2573; x_wconf 78' lang='lat' dir='ltr'>vouloit</span> <span class='ocrx_word' id='word_1_350' title='bbox 299 2555 363 2583; x_wconf 89' lang='lat' dir='ltr'>que</span> <span class='ocrx_word' id='word_1_351' title='bbox 391 2555 475 2573; x_wconf 81' lang='lat' dir='ltr'>vous</span> <span class='ocrx_word' id='word_1_352' title='bbox 500 2556 539 2574; x_wconf 84' lang='lat' dir='ltr'>en</span> <span class='ocrx_word' id='word_1_353' title='bbox 565 2545 714 2574; x_wconf 73' lang='lat' dir='ltr'>seussiez</span> <span class='ocrx_word' id='word_1_354' title='bbox 744 2545 776 2574; x_wconf 87' lang='lat' dir='ltr'>la</span> <span class='ocrx_word' id='word_1_355' title='bbox 808 2544 913 2574; x_wconf 71' lang='lat' dir='ltr'>verite&#39;</span> <span class='ocrx_word' id='word_1_356' title='bbox 940 2563 977 2567; x_wconf 81' lang='lat'>—</span> <span class='ocrx_word' id='word_1_357' title='bbox 1003 2549 1033 2573; x_wconf 78' lang='lat' dir='ltr'>et</span> <span class='ocrx_word' id='word_1_358' title='bbox 1063 2544 1139 2573; x_wconf 87' lang='lat' dir='ltr'>bien</span> <span class='ocrx_word' id='word_1_359' title='bbox 1171 2555 1209 2573; x_wconf 89' lang='lat' dir='ltr'>en</span> <span class='ocrx_word' id='word_1_360' title='bbox 1241 2543 1333 2572; x_wconf 70' lang='lat' dir='ltr'>avoit</span> <span class='ocrx_word' id='word_1_361' title='bbox 1367 2554 1405 2572; x_wconf 77' lang='lat' dir='ltr'>en</span> <span class='ocrx_word' id='word_1_362' title='bbox 1434 2547 1531 2572; x_wconf 82' lang='lat' dir='ltr'>autre</span> <span class='ocrx_word' id='word_1_363' title='bbox 1561 2543 1623 2571; x_wconf 66' lang='lat' dir='ltr'>fois</span> 
     </span>
     <span class='ocr_line' id='line_1_38' title="bbox 141 2584 1623 2623; baseline -0.001 -9"><span class='ocrx_word' id='word_1_364' title='bbox 141 2585 250 2614; x_wconf 79' lang='lat' dir='ltr'>l&#39;otroi</span> <span class='ocrx_word' id='word_1_365' title='bbox 280 2585 320 2614; x_wconf 88' lang='lat' dir='ltr'>de</span> <span class='ocrx_word' id='word_1_366' title='bbox 341 2596 425 2614; x_wconf 88' lang='lat' dir='ltr'>vous</span> <span class='ocrx_word' id='word_1_367' title='bbox 449 2603 484 2608; x_wconf 85' lang='lat'><strong>—</strong></span> <span class='ocrx_word' id='word_1_368' title='bbox 506 2591 675 2616; x_wconf 81' lang='lat' dir='ltr'>comment</span> <span class='ocrx_word' id='word_1_369' title='bbox 696 2597 932 2615; x_wconf 73' lang='lat' dir='ltr'>convenances</span> <span class='ocrx_word' id='word_1_370' title='bbox 958 2586 1103 2615; x_wconf 75' lang='lat' dir='ltr'>estoient</span> <span class='ocrx_word' id='word_1_371' title='bbox 1131 2587 1212 2614; x_wconf 76' lang='lat' dir='ltr'>fetes</span> <span class='ocrx_word' id='word_1_372' title='bbox 1238 2585 1278 2613; x_wconf 77' lang='lat' dir='ltr'>de</span> <span class='ocrx_word' id='word_1_373' title='bbox 1307 2585 1460 2623; x_wconf 73' lang='lat' dir='ltr'>mariage</span> <span class='ocrx_word' id='word_1_374' title='bbox 1480 2588 1573 2613; x_wconf 81' lang='lat' dir='ltr'>entre</span> <span class='ocrx_word' id='word_1_375' title='bbox 1594 2584 1623 2612; x_wconf 90' lang='lat' dir='ltr'>le</span> 
     </span>
     <span class='ocr_line' id='line_1_39' title="bbox 140 2625 1622 2665; baseline -0.002 -9"><span class='ocrx_word' id='word_1_376' title='bbox 140 2627 189 2656; x_wconf 85' lang='lat' dir='ltr'>roi</span> <span class='ocrx_word' id='word_1_377' title='bbox 207 2627 442 2665; x_wconf 81' lang='lat' dir='ltr'>d&#39;Engleterre</span> <span class='ocrx_word' id='word_1_378' title='bbox 460 2631 492 2657; x_wconf 84' lang='lat' dir='ltr'>et</span> <span class='ocrx_word' id='word_1_379' title='bbox 507 2628 566 2661; x_wconf 79' lang='lat' dir='ltr'>lui,</span> <span class='ocrx_word' id='word_1_380' title='bbox 587 2628 626 2657; x_wconf 87' lang='lat' dir='ltr'>de</span> <span class='ocrx_word' id='word_1_381' title='bbox 647 2628 891 2665; x_wconf 67' lang='lat' dir='ltr'>monseignenr</span> <span class='ocrx_word' id='word_1_382' title='bbox 910 2627 1116 2660; x_wconf 68' lang='lat' dir='ltr'>Edouward,</span> <span class='ocrx_word' id='word_1_383' title='bbox 1141 2627 1170 2656; x_wconf 67' lang='lat' dir='ltr'>lo</span> <span class='ocrx_word' id='word_1_384' title='bbox 1194 2627 1228 2655; x_wconf 84' lang='lat' dir='ltr'>fil</span> <span class='ocrx_word' id='word_1_385' title='bbox 1250 2626 1278 2655; x_wconf 87' lang='lat' dir='ltr'>lc</span> <span class='ocrx_word' id='word_1_386' title='bbox 1301 2626 1349 2655; x_wconf 87' lang='lat' dir='ltr'>roi</span> <span class='ocrx_word' id='word_1_387' title='bbox 1376 2625 1622 2665; x_wconf 76' lang='lat' dir='ltr'>d&#39;Engleterre‚</span> 
     </span>
     <span class='ocr_line' id='line_1_40' title="bbox 141 2666 1626 2709; baseline -0.001 -12"><span class='ocrx_word' id='word_1_388' title='bbox 141 2673 174 2697; x_wconf 81' lang='lat' dir='ltr'>et</span> <span class='ocrx_word' id='word_1_389' title='bbox 208 2679 263 2697; x_wconf 86' lang='lat' dir='ltr'>ma</span> <span class='ocrx_word' id='word_1_390' title='bbox 290 2668 474 2698; x_wconf 86' lang='lat' dir='ltr'>damoisele</span> <span class='ocrx_word' id='word_1_391' title='bbox 502 2669 686 2709; x_wconf 70' lang='lat' dir='ltr'>Phelippe,</span> <span class='ocrx_word' id='word_1_392' title='bbox 725 2666 794 2698; x_wconf 71' lang='lat' dir='ltr'>fille</span> <span class='ocrx_word' id='word_1_393' title='bbox 820 2669 850 2699; x_wconf 90' lang='lat' dir='ltr'>le</span> <span class='ocrx_word' id='word_1_394' title='bbox 881 2673 1000 2705; x_wconf 69' lang='lat' dir='ltr'>conte,</span> <span class='ocrx_word' id='word_1_395' title='bbox 1032 2672 1061 2697; x_wconf 80' lang='lat' dir='ltr'>et</span> <span class='ocrx_word' id='word_1_396' title='bbox 1093 2678 1157 2708; x_wconf 83' lang='lat' dir='ltr'>qne</span> <span class='ocrx_word' id='word_1_397' title='bbox 1187 2678 1275 2707; x_wconf 87' lang='lat' dir='ltr'>pour</span> <span class='ocrx_word' id='word_1_398' title='bbox 1307 2676 1342 2697; x_wconf 85' lang='lat' dir='ltr'>ce</span> <span class='ocrx_word' id='word_1_399' title='bbox 1372 2666 1626 2695; x_wconf 73' lang='lat' dir='ltr'>nedemouroit</span> 
     </span>
     <span class='ocr_line' id='line_1_41' title="bbox 143 2708 1622 2750; baseline -0.002 -11"><span class='ocrx_word' id='word_1_400' title='bbox 143 2710 208 2739; x_wconf 70' lang='lat' dir='ltr'>mif—</span> <span class='ocrx_word' id='word_1_401' title='bbox 232 2720 296 2750; x_wconf 89' lang='lat' dir='ltr'>que</span> <span class='ocrx_word' id='word_1_402' title='bbox 330 2709 352 2738; x_wconf 88' lang='lat' dir='ltr'>il</span> <span class='ocrx_word' id='word_1_403' title='bbox 379 2720 419 2738; x_wconf 86' lang='lat' dir='ltr'>ne</span> <span class='ocrx_word' id='word_1_404' title='bbox 452 2721 535 2739; x_wconf 80' lang='lat' dir='ltr'>vous</span> <span class='ocrx_word' id='word_1_405' title='bbox 569 2711 694 2739; x_wconf 78' lang='lat' dir='ltr'>servist</span> <span class='ocrx_word' id='word_1_406' title='bbox 724 2710 911 2739; x_wconf 81' lang='lat' dir='ltr'>loianment</span> <span class='ocrx_word' id='word_1_407' title='bbox 937 2721 976 2739; x_wconf 77' lang='lat' dir='ltr'>en</span> <span class='ocrx_word' id='word_1_408' title='bbox 1008 2714 1104 2739; x_wconf 62' lang='lat' dir='ltr'>votre</span> <span class='ocrx_word' id='word_1_409' title='bbox 1130 2719 1271 2747; x_wconf 65' lang='lat' dir='ltr'>guerre,</span> <span class='ocrx_word' id='word_1_410' title='bbox 1305 2712 1333 2736; x_wconf 60' lang='lat' dir='ltr'>vt</span> <span class='ocrx_word' id='word_1_411' title='bbox 1369 2708 1466 2737; x_wconf 68' lang='lat' dir='ltr'>feroit</span> <span class='ocrx_word' id='word_1_412' title='bbox 1502 2718 1622 2736; x_wconf 80' lang='lat' dir='ltr'>envers</span> 
     </span>
     <span class='ocr_line' id='line_1_42' title="bbox 143 2749 1622 2791; baseline -0.002 -11"><span class='ocrx_word' id='word_1_413' title='bbox 143 2762 227 2780; x_wconf 72' lang='lat' dir='ltr'>vous</span> <span class='ocrx_word' id='word_1_414' title='bbox 264 2761 396 2780; x_wconf 83' lang='lat' dir='ltr'>comme</span> <span class='ocrx_word' id='word_1_415' title='bbox 434 2751 620 2791; x_wconf 78' lang='lat' dir='ltr'>prendoins</span> <span class='ocrx_word' id='word_1_416' title='bbox 654 2751 725 2781; x_wconf 84' lang='lat' dir='ltr'>doit</span> <span class='ocrx_word' id='word_1_417' title='bbox 765 2752 848 2781; x_wconf 76' lang='lat' dir='ltr'>faire</span> <span class='ocrx_word' id='word_1_418' title='bbox 879 2762 897 2780; x_wconf 82' lang='lat' dir='ltr'>a</span> <span class='ocrx_word' id='word_1_419' title='bbox 929 2762 988 2780; x_wconf 85' lang='lat' dir='ltr'>son</span> <span class='ocrx_word' id='word_1_420' title='bbox 1021 2751 1182 2791; x_wconf 82' lang='lat' dir='ltr'>seigneur</span> <span class='ocrx_word' id='word_1_421' title='bbox 1214 2755 1245 2779; x_wconf 81' lang='lat' dir='ltr'>et</span> <span class='ocrx_word' id='word_1_422' title='bbox 1278 2750 1337 2779; x_wconf 69' lang='lat' dir='ltr'>ruit</span> <span class='ocrx_word' id='word_1_423' title='bbox 1374 2749 1490 2778; x_wconf 83' lang='lat' dir='ltr'>l&#39;avoit</span> <span class='ocrx_word' id='word_1_424' title='bbox 1529 2749 1622 2778; x_wconf 81' lang='lat' dir='ltr'>adez.</span> 
     </span>
    </p>
   </div>
  </div>
 </body>
</html>
