1856 2963
198 137 254 177 100
698 136 895 178 mximas·
919 137 1177 179 GANDENS'ES
1598 142 1677 181 1310

192 226 278 271 die,
312 225 536 275 Flandrie,
562 225 815 276 Brabantie,
840 226 1116 277 Alemannie,
1149 244 1193 269 se
1224 228 1342 284 ipsos
1367 229 1462 270 sine
1483 229 1676 286 prelato-

193 310 285 335 rum
311 293 498 334 consilio
520 309 649 334 cruce
670 294 919 351 signantes,
945 303 990 336 ut
1013 297 1190 337 Terram
1220 296 1423 338 Sanctam
1446 297 1676 354 conquire-

192 362 387 406 rentu1·¹,
423 377 574 403 versus
616 361 779 416 curiam
811 363 1076 413 Romanam,
1107 379 1191 420 que
1220 371 1325 405 tunc
1353 373 1443 405 erat
1481 365 1525 406 in
1565 365 1676 406 Ave-

190 429 336 478 niune,
367 438 411 470 ut
440 445 700 471 concessum
723 446 835 488 pape
858 440 899 472 et
927 430 1216 473 cardinalium
1245 447 1293 473 ac
1315 431 1523 474 auxilium
1551 442 1676 490 pete-

189 506 300 547 rent,
326 496 512 554 profecti
542 506 659 538 sunt.
685 498 856 552 Quibus
881 499 942 540 eis
965 515 1052 540 non
1081 500 1396 549 annuentibus,
1419 501 1518 557 quia
1542 501 1676 542 duces

188 564 397 613 valentes,
427 565 585 607 divites
608 575 649 606 et
677 574 880 622 potentes
914 583 999 608 non
1032 567 1299 618 habuerunt,
1332 567 1405 624 qui
1435 568 1675 610 indiscrete

185 631 342 683 ierant,
371 648 467 674 cum
492 633 752 675 confusione
776 634 828 675 ad
852 635 1032 692 propria
1057 634 1300 678 redierunt.

845 822 1011 864 1310.

244 948 370 990 Anno
402 949 578 990 Domini
619 950 911 999 .M.CCC.X.‚
955 951 1071 991 circa
1115 950 1305 992 medium
1353 950 1516 992 mensis
1550 951 1670 1002 Maii,

187 1026 373 1073 quatuor
394 1016 631 1074 templarii,
657 1018 817 1074 quibus
846 1018 1010 1059 crimen
1041 1018 1211 1059 heresis
1241 1027 1284 1059 et
1312 1019 1510 1060 sodomie
1532 1019 1674 1076 impo-

189 1085 391 1135 nebatur,
422 1085 615 1126 Pau-isius
645 1094 747 1127 sunt
765 1085 1051 1127 concremati.

245 1155 396 1195 Mense
437 1153 566 1204 Julio,
608 1170 755 1195 comes
797 1154 1019 1196 Robertus
1050 1154 1285 1196 maximum
1317 1163 1361 1196 et
1388 1154 1673 1196 fortissimum

184 1237 230 1261 ae
252 1221 375 1262 valde
394 1221 689 1263 voluntarium
707 1222 1141 1279 pulcherrimumque
1161 1222 1214 1263 de
1231 1231 1322 1264 tota
1337 1231 1452 1264 terra
1470 1223 1675 1265 Flandria

186 1288 513 1347 Flamingante,
562 1289 676 1331 inter
720 1290 1099 1332 Geraldimontem
1138 1299 1181 1331 et
1234 1291 1477 1332 Hanoniam
1523 1307 1674 1332 versus

186 1357 431 1406 Lessinum,
460 1365 507 1398 ut
537 1374 667 1414 supra
694 1366 837 1415 patet,
869 1374 888 1399 a
916 1358 1267 1400 Flandrensibus
1295 1367 1394 1400 ante
1414 1374 1551 1399 annos
1574 1359 1675 1400 des-

184 1433 391 1474 tructum,
433 1426 719 1483 congregavit
744 1426 1008 1477 exercitum,
1034 1428 1189 1483 jurans
1213 1443 1290 1484 per
1320 1429 1478 1476 Deum,
1508 1426 1605 1484 ipse
1633 1435 1675 1468 et

185 1492 261 1533 filii
292 1494 374 1543 sui,
407 1493 555 1535 multis
583 1494 827 1535 maledictis
860 1511 905 1536 se
928 1494 1310 1553 constringentes,
1341 1495 1376 1536 si
1407 1511 1492 1536 non
1518 1495 1675 1552 imple-

185 1569 283 1601 rent
305 1563 620 1617 juramentum,
649 1562 767 1620 quod
793 1563 845 1603 de
868 1572 956 1604 tota
981 1580 1156 1621 guerra,
1189 1579 1274 1621 que
1302 1563 1390 1604 fere
1413 1579 1491 1620 per
1524 1564 1671 1605 LXX.

185 1645 323 1670 annos
373 1629 606 1672 duraverat
641 1631 828 1672 —licet
860 1631 1098 1688 aliquando
1148 1630 1485 1672 interfluxerunt
1530 1631 1674 1688 aliqua

185 1697 411 1738 intervalla
433 1707 704 1757 treugarum,
730 1725 786 1731 ——
812 1698 927 1740 inter
949 1701 1266 1758 Margaretam,
1296 1698 1435 1740 aviam
1464 1715 1607 1749 suam,
1633 1707 1676 1740 et

183 1774 351 1822 patrem
385 1765 653 1816 Guidonem,
691 1766 925 1824 ipsumque
960 1776 1005 1809 et
1031 1767 1187 1809 fratres
1217 1784 1318 1808 suos
1343 1784 1396 1808 ex
1423 1776 1546 1824 purte
1568 1783 1670 1818 una,

183 1841 225 1874 et
246 1834 489 1875 Johannem
507 1834 560 1875 de
580 1835 756 1877 Avenna
781 1836 1049 1892 fratremque
1066 1851 1191 1876 suum
1210 1834 1491 1886 Balduinum,
1517 1836 1672 1876 fratres

187 1902 383 1943 uterinos
416 1903 654 1953 Guidonis,
691 1912 734 1944 et
760 1912 913 1961 postea
936 1903 1197 1953 Johannem,
1222 1903 1359 1944 filium
1380 1902 1487 1944 dicti
1510 1903 1673 1944 Johan-

188 1969 271 2027 nis,
301 1970 504 2012 comitem
540 1971 742 2013 Hanonie
781 1981 824 2014 et
853 1972 1109 2024 Hollandie,
1146 1980 1188 2013 et
1215 1971 1528 2022 NVilhelmum,
1560 1987 1673 2012 nunc

184 2047 419 2096 utrumque
459 2040 736 2081 obtinentem
769 2040 1025 2082 comitatum
1050 2057 1101 2082 ex
1133 2040 1291 2091 altera,
1318 2040 1448 2081 finem
1478 2040 1674 2081 facerent

183 2132 234 2137 —
266 2106 388 2148 finite
414 2107 530 2148 enim
560 2116 665 2149 tunc
692 2108 905 2166 temporis
945 2109 1062 2150 inter
1095 2109 1215 2165 ipsos
1252 2116 1377 2149 erant
1410 2116 1587 2165 treuge,
1619 2133 1670 2138 —

182 2174 416 2233 ipsumque
443 2177 732 2220 &Vilhelmum
763 2194 859 2219 cum
887 2178 948 2218 eis
983 2193 1136 2234 pacem
1170 2177 1372 2218 stabilem
1408 2192 1672 2233 componere

182 2252 409 2302 cogerent,
431 2253 567 2285 totam
587 2252 748 2286 terram
773 2261 893 2286 suam
917 2245 1204 2295 devastando,
1226 2245 1292 2287 vel
1315 2261 1465 2286 omnes
1487 2245 1530 2285 in
1556 2244 1671 2285 bello

183 2312 464 2353 morirentur.
502 2312 630 2366 Quod
665 2313 932 2358 &vilhelmus
961 2329 1256 2371 pernoscens,
1288 2313 1350 2353 eis
1386 2328 1483 2354 curn
1518 2312 1671 2369 pulcro

181 2380 359 2436 quidem
386 2380 595 2421 comitatu
623 2382 819 2437 equitum
842 2381 1051 2422 occurrit.
1080 2381 1167 2423 Sed
1191 2380 1364 2437 pedites
1388 2380 1454 2422 sui
1480 2380 1670 2421 inermes

181 2456 306 2489 erant
343 2457 547 2505 respectu
586 2449 940 2508 Flamingorum,
985 2458 1027 2490 et
1070 2448 1216 2506 pavidi
1254 2448 1386 2490 corde
1419 2456 1462 2489 et
1489 2464 1670 2489 numero

185 2516 413 2572 pauciores
431 2549 439 2565 ,
485 2517 586 2573 quia
629 2516 681 2558 de
727 2516 958 2558 Hollandia
1009 2525 1051 2558 et
1094 2515 1299 2558 Zelandia
1340 2516 1483 2558 nullos
1529 2516 1673 2573 potuit

225 2664 250 2694 l.
277 2663 367 2694 C'est
389 2664 422 2693 la
439 2665 535 2703 leg-on
557 2665 601 2694 du
622 2676 682 2694 ms.
701 2666 741 2695 de
760 2665 857 2696 Gand
877 2670 907 2696 et
929 2666 968 2695 de
988 2665 1064 2697 l‘ed.
1085 2666 1125 2695 de
1144 2665 1366 2705 Hambourg;
1387 2665 1671 2705 reguli'erement,

181 2703 202 2734 il
223 2705 372 2735 faudrait
391 2717 404 2733 «
423 2706 709 2746 conquirerent».
