1856 2963
146 185 227 216 1304
648 185 844 216 ANNALES
869 184 1124 216 GANDENSES
1591 187 1629 216 75

142 263 280 305 tulum
309 272 408 304 ante
433 279 635 304 occasum
665 262 770 304 solis
800 263 959 303 sactum
989 271 1070 303 est.
1098 262 1254 304 Franci
1284 263 1453 320 itaque,
1481 263 1555 320 qui
1583 264 1626 304 in

139 330 280 389 prima
330 339 456 372 erant
495 331 604 381 acie,
650 331 866 380 videntes,
911 346 955 371 se
1008 330 1170 371 furiose
1214 346 1235 372 a
1277 331 1628 372 Flandrensibus

142 398 312 450 invadi,
349 399 553 441 concussi
588 398 769 449 timore,
801 407 922 456 terga
952 406 1199 449 vertentes,
1232 400 1458 440 turmatim
1488 408 1530 440 et
1551 415 1630 456 per

139 483 301 508 cuneos
332 482 486 508 omnes
521 466 752 524 fugerunt3
792 474 834 507 et
861 465 1204 523 insequentibus
1238 482 1312 507 eos
1339 466 1629 508 Flandrensi-

140 535 237 585 bus,
262 534 459 593 ipsorum
486 534 612 575 valde
644 534 791 585 multi,
826 533 950 590 equis
994 549 1143 574 eorum
1177 534 1304 575 fessis
1345 543 1387 575 et
1420 534 1547 576 lassis
1583 534 1627 575 in

140 603 284 659 puteis
305 611 348 644 et
376 602 567 653 fossatis,
598 618 682 660 que
710 601 897 660 plurima
921 611 1045 642 erant
1066 602 1111 642 in
1134 617 1287 659 campo
1308 602 1399 653 illo,
1427 602 1630 644 cadenti-

141 671 222 713 bus
249 680 291 712 et
315 680 462 712 mutuo
492 687 536 712 se
566 669 947 729 opprimentibus,
983 685 1179 711 sessores
1208 686 1304 711 cum
1333 670 1394 711 eis
1425 670 1628 712 suffocati

142 747 258 780 sunt.
291 740 382 781 Hoc
411 739 541 780 etiam
569 738 820 796 periculoso
849 737 1092 779 infortunio
1118 738 1266 795 plures
1290 738 1420 779 etiam
1444 739 1487 779 in
1518 740 1629 780 Cur-

139 815 261 848 traco
297 807 454 848 mortui
487 815 589 848 sunt
623 822 751 864 quarn
786 805 944 856 occisi;
987 806 1156 847 ——hoe
1191 806 1307 847 idem
1343 806 1473 847 etiam
1510 806 1629 863 peri-

141 874 302 924 culum,
326 874 429 915 licet
452 891 538 915 non
566 874 624 915 ita
646 889 793 931 grave,
816 873 1166 914 Flandrensibus
1189 874 1261 914 hic
1287 890 1360 915 eos
1388 874 1629 931 insequen-

143 943 277 992 tibus,
308 941 468 983 evenit.
508 943 601 983 Due
634 932 764 983 etiam
806 941 921 983 acies
963 941 1079 998 regis
1111 941 1336 998 predicte,
1373 958 1456 998 que
1491 942 1628 999 prede

142 1009 438 1059 intenderant,
486 1010 724 1051 redeuntes
769 1009 823 1050 de
864 1018 1040 1060 monte,
1086 1009 1286 1050 videntes
1324 1010 1461 1051 aciem
1513 1010 1630 1067 regis

145 1094 344 1137 magnam
370 1078 413 1119 in
442 1079 584 1136 fugam
615 1094 888 1128 conversam,
916 1094 1011 1119 cum
1039 1078 1175 1135 preda
1203 1094 1279 1119 sua
1308 1087 1349 1119 et
1372 1078 1457 1134 ipsi
1484 1094 1630 1119 reces-

144 1155 311 1188 serunt.
334 1147 461 1189 Unde
484 1147 609 1188 multi
631 1146 979 1203 Flamingorum,
1011 1148 1233 1203 Yprenses
1256 1146 1504 1204 potissime,
1528 1148 1630 1187 Cur-

143 1223 366 1256 tracenses
400 1225 440 1256 et
476 1215 753 1259 Candenscs,
792 1215 929 1256 estivo
966 1224 1162 1256 caumate
1192 1216 1375 1271 sitisque
1404 1214 1560 1256 ardore
1589 1223 1630 1255 et

143 1284 303 1341 pugnis
339 1283 698 1339 particularibus,
737 1292 779 1324 ut
822 1283 989 1324 dictum
1020 1292 1107 1333 est,
1147 1283 1331 1341 fatigati,
1373 1283 1629 1324 vulneribus

142 1350 309 1402 laniati,
341 1351 623 1408 aliquietiam
641 1351 774 1392 corde
800 1351 962 1407 pavidi,
992 1367 1191 1407 eampum
1217 1351 1630 1407 circumspicientes

142 1419 485 1477 circumquaque
531 1428 683 1476 patere
729 1419 906 1460 aciebus
954 1419 1144 1460 hostium
1191 1419 1486 1477 fugientibus,
1533 1435 1628 1459 cum

142 1488 340 1528 Johanne
367 1487 681 1537 Namurcensi,
716 1487 952 1544 plurimum
988 1487 1148 1528 lassato
1180 1513 1237 1519 —
1262 1503 1348 1528 non
1385 1487 1502 1528 enim
1538 1496 1631 1528 erat

143 1572 327 1613 corpore
352 1555 490 1603 sortis,
519 1556 593 1596 sed
614 1555 792 1611 gracilis
814 1571 998 1612 rareque
1025 1555 1346 1612 complexionis
1375 1581 1425 1586 —
1447 1565 1486 1596 et
1514 1557 1630 1596 Hen-

143 1624 235 1665 rico
265 1624 396 1664 fratre
426 1640 519 1673 suo,
549 1623 622 1680 qui
651 1624 805 1664 eodem
833 1623 903 1664 die
929 1623 1106 1664 circiter
1126 1640 1222 1664 cum
1244 1624 1449 1664 ducentis
1476 1623 1630 1680 equiti-

144 1693 223 1733 bus
249 1692 302 1733 de
332 1694 481 1733 Duaco
517 1692 569 1733 ad
604 1691 765 1732 bellum
798 1701 993 1742 venerat,
1029 1708 1179 1733 versus
1217 1692 1382 1733 Insulas
1415 1692 1630 1749 fugientes

144 1760 360 1801 abierunt.
389 1761 540 1818 Itaque
569 1760 790 1801 Johannes
816 1775 912 1801 cuin
944 1760 1074 1801 fratre
1099 1777 1176 1801 suo
1200 1769 1298 1801 ante
1323 1760 1629 1817 crepusculum

146 1829 225 1870 suit
246 1828 290 1869 in
312 1827 412 1869 villa
443 1828 680 1869 Insulensi.

203 1896 436 1954 Philippus
465 1905 630 1944 autem,
666 1896 929 1939 wilhelmus
959 1905 1000 1937 et
1036 1897 1274 1946 Robertus,
1308 1913 1403 1937 cum
1428 1898 1630 1954 Brugeti-

144 1963 253 2004 sium
286 1964 376 2005 acie
410 1973 449 2004 et
485 1963 581 2004 aliis
620 1963 969 2004 Flandrensibus
1007 1964 1110 2004 boni
1146 1963 1317 2014 cordis,
1350 1963 1423 2020 qui
1451 1979 1544 2004 cum
1567 1963 1629 2004 eis

145 2041 463 2083 remanserant,
496 2032 557 2073 sic
586 2034 777 2074 Francos
807 2048 901 2073 cum
930 2032 1134 2082 clamore,
1167 2041 1212 2072 ut
1242 2031 1406 2073 dietum
1430 2040 1511 2081 est,
1536 2040 1628 2073 tur-

146 2099 292 2140 matim
320 2108 362 2141 et
390 2116 468 2157 per
496 2116 677 2158 magnos
707 2116 870 2141 cuneos
899 2099 1109 2149 insecuti,
1140 2116 1295 2158 magna
1322 2099 1413 2140 acie
1437 2101 1629 2141 Franco-

146 2184 237 2209 rum
278 2168 473 2225 fugiente
516 2167 712 2209 totaliter
755 2168 822 2208 vel
864 2184 942 2225 per
978 2176 1142 2225 partes,
1192 2184 1293 2209 easu
1336 2184 1547 2224 equorum
1588 2176 1629 2208 et

143 2236 432 2293 oppressione
466 2235 692 2286 suffocata,
724 2236 777 2276 ad
816 2252 981 2294 regem,
1017 2237 1092 2292 qui
1131 2252 1227 2276 cum
1267 2251 1423 2293 magna
1462 2235 1553 2276 acic
1588 2244 1630 2276 et

145 2304 244 2345 forti
272 2313 391 2345 retro
420 2305 663 2345 custodiam
692 2305 869 2345 tenebat
907 2305 1058 2346 electis
1095 2304 1413 2345 circumdatum
1450 2304 1630 2345 bellato-

146 2372 266 2413 ribus
290 2382 331 2413 et
359 2373 568 2429 expertis,
600 2381 914 2429 pervenerunt.
946 2374 1085 2425 Quem
1117 2389 1228 2413 unus
1254 2388 1439 2429 magnus
1465 2388 1629 2413 cuneus

146 2440 481 2481 Flandrensium
531 2440 770 2482 crudeliter
810 2441 1046 2491 invadens,
1089 2440 1290 2497 plurimis
1327 2440 1541 2481 nobilium
1589 2449 1630 2481 ct

149 2510 358 2564 majorum
376 2509 508 2566 regis,
527 2525 657 2565 supra
681 2509 825 2565 ipsum
842 2509 1029 2549 viriliter
1049 2517 1088 2549 et
1104 2508 1314 2549 nobiliter
1328 2524 1372 2548 se
1387 2516 1627 2557 tenentem,

146 2584 191 2616 ut
214 2575 277 2616 sui
313 2583 355 2616 et
386 2576 514 2616 etiam
549 2576 843 2617 Flandrenses
878 2577 1027 2617 hostes
1058 2576 1122 2616 sui
1151 2585 1387 2625 testantur,
1424 2584 1464 2616 et
1497 2576 1631 2616 resis-

145 2652 326 2693 tentem,
369 2643 721 2700 relinquentibus
764 2653 805 2685 et
840 2644 1133 2701 fugientibus,
1172 2644 1378 2684 confosso
1414 2644 1494 2683 sub
1532 2645 1628 2700 ipso

147 2711 367 2754 dextrario
405 2728 497 2764 suo,
542 2712 595 2752 ad
629 2720 792 2754 terrain
827 2713 1085 2770 prostravit,
1126 2711 1329 2768 plurimis
1370 2711 1628 2752 custodibus
