1856 2963
165 155 244 187 ’1309
665 156 863 187 ANNALES
889 150 1147 187 GANDExsE‘s
1612 159 1652 187 99

162 251 362 283 numero,
389 242 431 275 et
453 234 506 275 ad
526 233 638 275 bella
665 233 898 290 proniores
920 242 962 274 et
984 233 1240 284 atrociores,
1271 233 1374 275 licet
1401 234 1473 275 alii
1500 245 1650 276 essent

162 302 342 344 ditiores
384 311 426 343 et
459 301 789 343 cautelosiores.
829 302 1006 343 Summa
1054 302 1189 359 igitur
1232 318 1329 343 eum
1369 302 1650 344 festinatione

162 369 338 427 quidam
369 369 610 427 prudentes
639 386 691 410 ex
725 368 976 410 consentire
1005 369 1277 419 volentibus,
1309 369 1508 410 videntes
1539 387 1583 411 se
1609 379 1653 411 et

162 455 262 479 suos
292 438 334 478 in
369 437 555 478 maximo
592 438 761 494 positos
787 437 1007 494 periculo,
1039 437 1293 478 consentire
1318 437 1520 479 nolentes
1549 438 1651 479 allo-

162 505 267 555 cuti,
294 505 453 546 blande
476 504 539 546 eis
568 514 898 561 persuaserunt,
937 514 982 546 ut
1018 514 1203 562 utraque
1232 522 1334 562 pars
1370 506 1653 547 concorditer

162 583 349 631 quatuor
383 574 522 614 bonos
554 582 596 614 et
631 573 783 614 fideles
811 573 926 614 viros
961 572 1180 632 eligerent
1204 573 1258 615 de
1284 573 1407 624 villa,
1440 590 1550 631 quos
1573 591 1652 631 pro

163 642 227 683 eis
254 642 304 683 ad
344 642 508 682 curiam
537 642 655 698 regis
688 650 998 698 procuratores
1034 649 1077 682 et
1105 642 1368 683 mediatores
1400 641 1650 693 mitterent,

165 709 455 767 inquisituros
478 709 702 751 humiliter
725 718 766 750 et
786 709 1149 767 investigaturos,
1175 718 1319 750 utrum
1349 711 1402 751 ab
1428 709 1524 767 ipso
1554 727 1654 768 rege

164 779 351 836 aliquam
383 786 551 834 gratam
585 786 628 819 et
660 776 878 819 mitiorem
912 778 1176 818 sententiam
1211 777 1413 819 obtinere
1441 778 1651 820 valerent.

165 848 433 903 Factumque
481 854 546 887 est
592 845 672 896 ita,
722 854 765 886 et
812 845 1059 903 indignatio
1112 845 1364 887 consentire
1411 846 1655 888 nolentium

165 913 348 971 quievit.

227 982 369 1024 Simili
392 981 521 1023 etiam
542 981 672 1023 modo
705 980 787 1023 alie
815 980 917 1022 ville
946 981 1153 1023 Flandrie
1184 991 1495 1038 procuratores
1531 983 1655 1024 mise-

166 1057 283 1100 runt,
316 1057 500 1106 propter
521 1048 725 1089 timorem
754 1048 1024 1106 vulgarium,
1054 1048 1215 1106 quibus
1240 1065 1392 1090 omnes
1417 1049 1590 1091 nobiles
1616 1059 1657 1091 et

168 1119 353 1174 majores
383 1117 578 1174 suspecti
616 1125 756 1167 erant,
797 1116 1116 1167 estimantium,
1153 1117 1270 1174 quod
1311 1125 1449 1158 totum
1481 1118 1656 1175 pondus

164 1185 348 1226 emende
374 1193 417 1226 et
436 1183 683 1242 punitionis
710 1185 753 1225 in
787 1185 932 1241 ipsos,
968 1201 1053 1226 non
1090 1184 1134 1226 in
1172 1185 1346 1226 nobiles
1375 1194 1417 1226 et
1445 1187 1654 1243 majores,

162 1262 432 1303 verteretur,
465 1261 506 1294 et
535 1253 654 1309 quod
683 1253 727 1293 in
752 1252 1010 1294 vilissimam
1037 1253 1348 1311 redigerentur
1382 1253 1655 1307 servitutem,

165 1322 199 1361 si
223 1321 266 1361 in
291 1320 533 1377 predictam
560 1320 742 1361 sormam
766 1321 888 1378 pacis
908 1320 1177 1362 unanimiter
1200 1321 1548 1372 consensissent,
1580 1339 1659 1380 per

164 1389 317 1430 duram
365 1388 573 1430 adversus
612 1404 656 1429 se
700 1397 786 1429 tam
840 1390 1108 1430 Francorum
1151 1405 1279 1446 quam
1320 1388 1657 1432 Flandrensium

165 1457 378 1498 nobilium
399 1466 440 1498 et
464 1458 675 1512 majorum
698 1456 1050 1514 conceptionem.

225 1527 315 1566 Rex
345 1533 489 1566 autem
521 1533 564 1565 et
598 1524 842 1565 consiliarii
868 1525 932 1565 sui
965 1525 1191 1581 principes
1220 1534 1261 1566 et
1296 1526 1470 1567 nobiles
1505 1543 1657 1568 omnes

164 1593 503 1635 commotionem
531 1592 774 1648 vulgarium
804 1601 846 1633 et
872 1593 1229 1651 indignationem
1256 1594 1569 1645 formidantes,
1605 1596 1658 1636 ab

162 1661 214 1702 iis
258 1677 342 1718 que
385 1669 702 1717 conceperant,
741 1660 1022 1702 dissimulare
1070 1661 1123 1702 ad
1167 1670 1342 1719 tempus
1391 1671 1654 1705 statuerunt.

164 1729 479 1786 Remansitque
507 1737 622 1770 terra
651 1728 877 1779 Flandrie,
918 1729 1001 1770 isto
1036 1745 1167 1780 anno,
1197 1729 1241 1770 in
1278 1730 1456 1787 aliquali
1484 1732 1655 1788 quiete,

164 1814 250 1839 non
284 1807 428 1839 tamen
462 1797 609 1846 totali,
641 1796 742 1853 quia
781 1813 926 1838 comes
958 1798 1197 1847 Robertus,
1231 1814 1386 1855 parum
1414 1799 1582 1840 habens
1605 1800 1658 1841 de

163 1865 342 1923 propria
370 1864 604 1915 industria,
633 1864 819 1905 consilio
839 1881 942 1906 usus
973 1865 1243 1922 aliquorum,
1270 1865 1413 1907 minus
1448 1867 1501 1909 de
1531 1868 1658 1909 boni-

162 1943 250 1975 tate
273 1943 315 1975 et
341 1933 523 1975 veritate
552 1933 829 1982 habentium,
857 1932 932 1990 qui
962 1933 1087 1974 valde
1112 1934 1192 1974 sub
1216 1933 1312 1990 ipso
1336 1935 1659 1976 ditabantur—

164 2011 287 2043 erant
322 2002 438 2042 enim
474 2017 703 2042 munerum
743 2010 1022 2058 acceptores,
1048 2002 1401 2058 —tyrannizare
1438 2003 1575 2061 cepit,
1617 2013 1659 2045 et

163 2070 350 2126 cupidus
371 2078 546 2110 exactor
569 2085 702 2126 super
723 2085 893 2118 omnes,
924 2069 1085 2125 quibus
1114 2070 1341 2126 prevalere
1364 2071 1525 2127 potuit,
1551 2071 1659 2112 exis-

163 2145 272 2178 tere.
303 2137 430 2179 Unde
456 2137 659 2195 vulgares
688 2136 732 2177 in
762 2137 928 2187 VVasia,
961 2136 1078 2178 eirca
1106 2137 1236 2178 finem
1260 2137 1387 2179 istius
1410 2139 1530 2189 anni,
1556 2156 1659 2198 erga

163 2205 307 2263 ipsum
331 2205 596 2246 rebellantes
620 2213 660 2245 et
683 2204 907 2254 commoti,
940 2205 993 2245 ab
1014 2220 1065 2245 eo
1092 2215 1393 2263 congregante
1417 2207 1657 2248 exercitum

164 2273 377 2314 nobilium
401 2274 509 2314 dure
539 2281 639 2314 sunt
663 2273 903 2329 subjugati,
930 2272 1130 2330 factaque
1150 2273 1455 2330 inquisitione,
1484 2275 1661 2317 circiter

168 2343 316 2384 .XXV.
350 2341 567 2398 capitanei
592 2341 788 2397 ipsorum
815 2340 868 2381 de
897 2349 1013 2381 terra
1036 2341 1242 2382 Flandrie
1273 2351 1374 2383 sunt
1398 2343 1586 2395 banniti,
1619 2354 1660 2385 et

165 2411 360 2466 quinque
382 2409 455 2450 alii
479 2409 745 2466 deprehensi
767 2408 1032 2465 crucifragio
1062 2409 1334 2466 interempti.
1359 2410 1485 2453 Villis
1514 2421 1658 2453 tamen

166 2477 511 2534 principalibus,
543 2477 737 2534 quamvis
774 2476 1011 2533 plurimum
1048 2476 1100 2517 ad
1130 2477 1212 2517 hoc
1245 2478 1474 2528 niteretur,
1507 2496 1659 2536 preva—

164 2545 256 2586 lere
276 2561 362 2586 non
388 2545 547 2601 potuit,
576 2544 677 2601 quia
699 2543 885 2585 viriliter
909 2560 1006 2585 suas
1032 2544 1260 2586 libertates
1280 2546 1596 2589 defendebant.

226 2614 316 2654 Hoc
350 2629 486 2662 anno,
520 2612 636 2652 nulla
668 2628 774 2652 nova
815 2612 1026 2652 notabilia
1057 2612 1328 2664 acciderunt,
1357 2616 1441 2655 nisi
1472 2617 1587 2671 quod
1617 2617 1657 2657 in

166 2680 305 2737 ipsius
334 2689 472 2722 estate
495 2679 842 2721 innumerabiles
867 2680 1069 2737 vulgares
1094 2680 1146 2720 de
1170 2689 1286 2721 terra
1308 2682 1484 2740 Anglie,
1517 2683 1657 2725 Picar—
