1856 2963
105 186 183 220 1303
607 184 803 221 ANNALES
828 184 1086 221 GANDENsEs
1549 186 1588 222 45

104 267 226 309 catis.
263 267 527 311 &Vilhelmus
559 276 703 309 autem
736 284 834 309 cum
868 277 961 309 toto
995 268 1189 309 exercitu
1219 281 1297 310 suo
1325 264 1445 326 juxta
1480 271 1589 311 San-

102 335 540 377 ctum-Audomarum
562 335 696 386 venit,
713 352 761 377 ac
785 344 875 377 tota
893 338 1156 392 noctejuxta
1170 335 1316 377 villam
1341 352 1437 378 cum
1456 336 1586 378 armis

101 411 145 444 et
165 403 304 461 signis
327 403 499 445 bellicis
522 405 781 460 persistens,
814 403 918 445 feria
944 413 1063 445 sexta
1087 404 1129 445 in
1152 406 1395 446 Parasceue
1414 405 1441 456 ¹,
1468 404 1587 446 nullo

99 480 339 528 apparente
377 471 430 512 de
469 471 673 513 hostibus
716 473 791 530 qui
829 488 977 513 secum
1015 471 1211 529 affligere
1253 472 1440 523 vellent,
1484 472 1588 513 inde

103 539 326 580 recessitQ.
355 540 453 595 Ipse
476 538 591 580 enim
615 539 669 580 de
697 539 851 598 gratiis
875 538 965 580 suis
988 538 1071 580 sibi
1098 555 1118 579 a
1149 540 1241 581 Deo
1269 539 1448 597 copiose
1475 539 1589 580 datis

102 631 157 638 ——
185 615 278 647 erat
316 607 432 648 enim
473 607 798 663 pulcherrimus
825 606 998 664 juvenis
1050 615 1092 647 et
1141 607 1315 648 maximi
1359 607 1506 649 cordis
1547 615 1589 648 et

103 674 315 716 facundus
342 683 385 716 et
409 674 452 716 in
478 675 680 732 plurimis
708 683 877 716 astutus
899 701 956 705 —
980 675 1180 732 ingratus
1216 684 1255 716 et
1284 675 1467 716 honoris
1503 673 1586 716 sibi

101 759 121 783 a
152 744 244 784 Deo
269 743 313 783 in
346 742 527 784 victoria
560 743 751 784 hostium
782 759 959 784 suorum
985 743 1133 783 collati
1166 742 1347 792 oblitus,
1375 743 1587 784 demones

103 810 318 867 adjuravit
345 820 387 852 et
415 811 660 857 consuluit,
703 809 879 851 libidini
910 811 1093 861 vacavit,
1121 826 1362 868 magorum,
1390 809 1588 852 incanta-

102 887 243 920 torum
267 887 310 919 et
335 878 780 936 flagitiosissimorum
811 878 1037 919 hominum
1068 878 1246 920 servitio
1275 888 1317 920 et
1338 879 1524 920 consilio
1546 887 1589 920 et

103 945 291 988 amicitia
322 947 540 996 utebatur,
578 948 829 988 innumeras
870 947 1080 1004 pecunias
1118 955 1160 987 et
1193 946 1368 988 divitias
1402 946 1588 1005 prodige

103 1022 146 1055 et
172 1014 347 1055 incaute
376 1014 647 1071 expendens,
679 1030 766 1055 non
794 1031 969 1063 curans,
1007 1031 1027 1055 a
1056 1015 1217 1072 quibus
1244 1031 1316 1056 eas
1348 1023 1524 1072 raperet
1548 1024 1590 1056 et

103 1090 401 1140 extorqueret3
428 1082 543 1123 unde
578 1091 623 1124 ut
657 1082 846 1133 videtur,
873 1084 993 1139 justo
1024 1083 1103 1124 Dei
1128 1083 1313 1139 judicio,
1352 1099 1587 1140 numquam

103 1159 203 1206 post
237 1150 400 1191 bellum
440 1151 733 1192 Curtracense
771 1150 813 1191 in
844 1151 990 1208 aliquo
1022 1151 1139 1192 bello
1172 1151 1238 1191 vel
1270 1150 1448 1210 negotio
1476 1152 1589 1192 bene

106 1219 465 1275 prosperabatur.

162 1287 318 1327 Statim
342 1295 442 1344 post
470 1286 815 1328 destructionem
839 1286 939 1328 ville
958 1287 1251 1337 Lessinensis,
1277 1288 1331 1328 de
1354 1303 1436 1344 qua
1458 1304 1588 1345 supra

102 1354 266 1395 dictum
297 1363 378 1405 est,
410 1355 630 1395 Johannes
659 1363 702 1396 et
730 1354 875 1396 Guido
906 1371 1035 1396 naves
1065 1355 1245 1396 bellicas
1284 1364 1325 1396 et
1348 1356 1588 1397 exercitum

105 1438 307 1481 magnum
332 1424 433 1463 LX.
460 1423 643 1463 millium
668 1422 896 1464 hominum
925 1422 1193 1464 industrium
1216 1423 1260 1464 in
1285 1423 1400 1465 bello
1429 1423 1585 1474 navali,

143 1587 171 1618 1.
198 1588 241 1618 Le
257 1591 273 1617 5
293 1587 381 1618 avril
403 1589 490 1618 1303.

142 1631 171 1659 2.
199 1629 242 1660 La
268 1630 459 1670 Chronique
487 1630 675 1659 arte'sienne
699 1630 759 1659 fait
783 1630 823 1659 do
845 1634 930 1660 cette
949 1630 1143 1670 expedition
1163 1631 1193 1660 le
1215 1630 1296 1660 recit
1318 1630 1456 1662 suivant
1476 1643 1481 1662 :
1503 1645 1517 1661 a
1544 1634 1591 1664 Or

101 1671 196 1701 avint
206 1682 282 1711 que,
296 1676 434 1701 entrues
446 1682 512 1711 que¹
524 1671 618 1701 chele
632 1672 693 1701 hos
703 1672 805 1701 estoit
821 1673 865 1706 la,
876 1682 940 1718 que
955 1671 1152 1701 Willauines
1162 1672 1203 1702 de
1215 1673 1330 1702 Julers
1347 1673 1441 1703 avait
1453 1676 1591 1705 assanle

101 1717 193 1742 toute
211 1713 241 1742 le
265 1718 347 1753 gent
370 1712 452 1753 qu'il
477 1713 571 1753 pooit
595 1724 613 1742 a
637 1713 756 1742 cheval
776 1717 806 1742 et
827 1723 844 1743 a
864 1718 934 1753 pict
954 1717 986 1742 ct
1011 1713 1186 1743 s'estoient
1204 1713 1286 1744 trait
1304 1724 1381 1743 vers
1397 1715 1538 1755 Berges,
1559 1721 1591 1746 et

102 1754 150 1783 les
167 1754 357 1794 prisoit-on
376 1765 395 1783 a
414 1754 525 1794 ‚iiijxx.
544 1754 603 1784 mil
622 1754 777 1783 hommes
796 1754 836 1783 de
854 1754 936 1794 pict,
955 1759 987 1783 ct
1006 1765 1041 1783 sc
1064 1755 1209 1785 traisent
1227 1766 1244 1785 a
1264 1755 1360 1785 venir
1378 1767 1455 1786 vers
1473 1758 1589 1787 Saint-

102 1795 217 1835 Omer,
247 1800 279 1825 ct
299 1795 360 1825 che
389 1796 422 1825 fu
440 1806 480 1825 en
500 1795 531 1825 lo
556 1807 706 1836 peneusc
733 1795 909 1825 semainne
939 1795 1002 1825 l¹an
1031 1796 1084 1825 .M.
1106 1796 1156 1836 iijc
1176 1801 1209 1826 et
1237 1796 1284 1837 .ij.
1310 1808 1384 1832 ans,
1404 1802 1436 1827 ct
1455 1798 1591 1829 vim-ent

102 1836 203 1867 tressi
220 1848 237 1867 a
256 1837 375 1872 Arkes,
392 1840 425 1867 et
442 1837 507 1867 lail
522 1842 658 1867 tuerent
672 1845 737 1867 mx.
756 1837 879 1867 bidaus
897 1837 954 1877 qui
975 1838 1121 1867 estoient
1135 1840 1151 1867 a
1172 1838 1279 1868 Arkes
1295 1850 1333 1868 en
1351 1839 1529 1879 garnison.
1551 1842 1591 1871 Et

101 1878 210 1908 adonc
231 1882 306 1908 seut
327 1878 470 1908 mesires
496 1877 600 1908 Jakes
622 1879 662 1908 de
692 1879 843 1908 Baionno
863 1890 928 1918 qus·
952 1878 975 1908 li
999 1879 1134 1908 ennemi
1159 1879 1303 1909 ostoient
1321 1882 1400 1920 pres
1422 1881 1462 1910 dc
1481 1882 1591 1912 Saint-

101 1920 215 1954 Omer,
230 1924 262 1949 et
273 1919 334 1949 che
353 1918 376 1949 li
395 1920 469 1949 vint
486 1919 558 1949 diro
578 1920 721 1950 mesircs
739 1920 780 1949 de
797 1919 1054 1950 Saint-Vonant.
1074 1921 1114 1950 Et
1132 1921 1237 1950 adont
1255 1932 1290 1950 se
1308 1922 1441 1951 cria—on
1459 1923 1589 1954 alai-me

101 1965 132 1990 ct
149 1961 291 1991 issirent
307 1961 384 1991 bien
399 1972 417 1991 a
432 1961 523 2001 .xvj⁰.
539 1972 696 1991 armures
715 1961 755 1990 dc
776 1962 835 1995 fer,
856 1966 888 1991 ot
902 1965 1014 1991 tontes
1030 1962 1077 1991 les
1097 1966 1178 2001 gont
1192 1962 1232 1992 de
1247 1963 1318 2002 piet
1332 1963 1389 2003 qui
1408 1975 1512 1994 avoco
1527 1976 1589 1995 aus

100 2002 247 2033 estoient
265 2013 300 2032 se
312 2002 457 2032 traisent
474 2006 603 2032 tantost
615 2014 658 2032 au
672 2003 811 2043 waaing
829 2007 861 2032 vt
878 2002 1082 2032 n’aidierenl.
1099 2003 1196 2043 point
1212 2003 1331 2034 chiaus
1345 2016 1362 2034 a
1376 2005 1488 2035 keval.
1503 2009 1590 2036 Sem·

101 2044 189 2073 chou
210 2054 272 2074 nos
291 2055 374 2084 gens
394 2045 468 2073 leur
492 2048 678 2074 coururent
696 2055 754 2073 sus
773 2049 805 2073 et
823 2049 943 2074 curent
961 2044 1103 2074 victoire
1124 2055 1142 2074 a
1160 2045 1270 2085 l'ayve
1288 2045 1329 2075 de
1349 2045 1431 2076 Dieu
1464 2048 1504 2077 Et
1523 2048 1549 2077 si
1569 2059 1589 2088 y

100 2089 156 2115 eut
173 2085 213 2115 de
232 2086 392 2115 Flamcns
420 2096 512 2115 mors
543 2086 621 2115 bien
648 2086 764 2125 .xx'j¹¹¹.,
781 2090 814 2115 et
834 2086 874 2115 de
892 2097 953 2115 nos
978 2096 1062 2126 gens
1089 2097 1128 2115 en
1151 2098 1171 2126 y
1193 2090 1249 2116 eut
1267 2087 1343 2116 bien
1372 2088 1404 2117 .l.
1432 2099 1524 2118 mors
1548 2089 1589 2119 de

99 2126 219 2156 chiaus
238 2127 278 2157 de
309 2127 540 2161 Saint-Omer,
567 2125 653 2156 mais
681 2127 741 2157 des
761 2131 896 2156 nostres
925 2126 967 2156 n'i
992 2131 1049 2157 eut
1077 2132 1167 2157 niort
1194 2139 1365 2168 personne
1383 2129 1440 2169 qui
1462 2131 1530 2160 fust
1548 2130 1589 2160 de

101 2178 191 2203 noni,
212 2179 252 2198 ne
273 2168 366 2197 aussi
388 2168 431 2197 n'i
455 2172 526 2198 eut-
536 2168 559 2197 il
576 2168 618 2199 de
638 2168 758 2198 chiaus
776 2168 816 2197 dc
834 2168 910 2198 dela
936 2169 1006 2198 fors
1025 2179 1109 2208 gens
1128 2180 1146 2198 a
1165 2169 1248 2209 piet.
1270 2171 1311 2199 Et
1336 2170 1367 2199 la
1384 2171 1485 2200 estoit
1506 2172 1589 2201 &Vil-

100 2209 232 2239 laumes
252 2209 292 2239 de
312 2209 429 2239 Julers
456 2220 496 2239 en
528 2220 592 2239 une
614 2213 712 2240 autre
738 2214 846 2245 route,
878 2214 911 2239 et
934 2210 1037 2240 estoit
1055 2210 1247 2240 descendas
1266 2222 1283 2240 a
1303 2211 1373 2251 piet
1399 2216 1431 2241 et
1455 2223 1490 2242 se
1510 2213 1591 2243 mist

100 2261 203 2281 avoec
222 2251 270 2280 les
289 2251 461 2287 Flamens,
481 2255 513 2280 et
538 2252 570 2279 fu
590 2262 644 2280 ses
671 2251 821 2280 chevaus
844 2251 915 2291 pris
934 2251 975 2280 de
993 2262 1034 2281 no
1051 2256 1131 2291 gent
1149 2256 1181 2281 et
1196 2254 1332 2284 navres,
1352 2257 1383 2282 et
1401 2254 1492 2282 avoit
1517 2258 1592 2284 tant

100 2291 140 2321 dc
158 2293 237 2332 pulc
263 2303 280 2322 a
306 2292 377 2332 piet
398 2296 521 2322 entour
541 2292 589 2321 lui
609 2293 692 2333 qu'il
719 2293 893 2322 s'estoicnt
915 2292 942 2322 si
974 2294 1047 2322 feru
1071 2294 1212 2323 ensanle
1239 2299 1271 2323 ct
1291 2294 1436 2324 estoient
1461 2295 1488 2324 si
1516 2297 1590 2325 scre

100 2344 164 2373 qm·
192 2344 253 2363 nos
284 2344 380 2373 gens,
412 2333 469 2373 qui
500 2333 646 2363 estoient
673 2334 829 2364 travellie
856 2338 887 2363 et
911 2335 1002 2364 lasse
1024 2338 1056 2363 et
1081 2335 1156 2364 leur
1176 2335 1296 2364 cheval
1317 2335 1412 2365 aussi
1436 2336 1477 2366 de
1494 2337 1591 2367 chele

99 2374 255 2404 ochision
275 2375 370 2408 faire.
397 2375 479 2414 qn'il
502 2375 657 2405 n'eurcnt
681 2375 746 2405 mie
773 2375 888 2405 consol
911 2376 992 2416 qu'il
1016 2375 1221 2405 assalisscnt
1246 2376 1341 2405 cheli·
1362 2382 1443 2416 gent
1466 2389 1485 2407 ιι
1511 2378 1591 2407 Wil-

100 2416 234 2446 laumes
265 2416 305 2445 de
333 2416 446 2446 ,Julers
472 2416 573 2446 estoit
597 2420 629 2446 et
654 2418 766 2446 furent
796 2417 822 2446 si
857 2418 937 2457 pres
964 2417 987 2447 li
1013 2428 1077 2446 uns
1105 2417 1146 2446 de
1170 2417 1292 2447 l'autre
1313 2418 1396 2457 qu'il
1414 2419 1590 2458 parlerent

100 2457 253 2496 ensanle‚
274 2462 306 2487 et
326 2457 491 2487 demoura
512 2457 713 2487 XVillaumes
732 2459 772 2487 de
787 2458 902 2488 Julers
922 2469 960 2487 en
982 2458 1077 2488 chele
1099 2458 1239 2488 bataille
1263 2459 1320 2499 qui
1340 2460 1441 2489 estoit
1460 2460 1486 2489 si
1506 2460 1590 2490 drue

101 2503 133 2528 ot
151 2498 177 2528 si
194 2509 334 2538 esposse
363 2510 422 2528 ens
447 2510 468 2529 ιι
492 2510 605 2539 camp.
627 2500 667 2528 Et
685 2499 780 2529 aussi
800 2500 972 2530 belement
991 2511 1055 2540 que
1074 2511 1135 2529 nos
1154 2500 1393 2540 gensissirent
1411 2501 1451 2531 de
1471 2502 1588 2531 Saint-

101 2539 204 2569 Omcr
221 2540 314 2569 aussi
332 2539 503 2570 belement
517 2541 540 2570 il
558 2552 592 2570 se
611 2541 795 2570 retraisent
810 2540 939 2571 arriere
958 2545 989 2570 et
1007 2541 1246 2581 waagnierent
1264 2543 1372 2571 moult
1389 2542 1530 2572 d'avoir.
1549 2543 1590 2572 Et

101 2593 118 2610 a
138 2581 233 2611 chele
251 2581 393 2611 bataille
417 2583 529 2611 ful-ent
547 2582 587 2611 de
612 2593 654 2612 no
673 2586 753 2622 gent
772 2582 914 2612 mcsires
930 2582 1034 2612 Jakes
1047 2582 1088 2612 de
1107 2583 1270 2619 Baionne‚
1291 2583 1313 2612 li
1328 2584 1395 2613 sire
1413 2583 1452 2613 de
1472 2584 1588 2613 Saint-

101 2622 244 2658 Venant,
266 2622 288 2652 li
304 2623 372 2652 sire
389 2622 430 2652 de
451 2623 743 2657 Hamelaincourt,
761 2624 904 2653 mesires
916 2624 1058 2659 Jehans,
1076 2623 1260 2653 castelains
1273 2624 1313 2654 de
1325 2625 1424 2660 Lens,
1446 2625 1589 2655 mesires

100 2663 196 2693 Miles
212 2664 252 2694 de
271 2663 405 2699 Noiers‚
418 2664 655 2695 mares-chiaus
671 2665 711 2694 de
730 2665 902 2698 Franche.
923 2669 955 2694 et
981 2669 1075 2694 mout
1095 2665 1246 2695 d'autres
1272 2666 1540 2705 gentilhommes
1556 2670 1589 2696 et

101 2704 141 2775 (Ille
155 2705 266 2776 ξὲιιίηῷ
284 2705 447 2776 ςῗηξοῗυί
471 2706 617 2736 estoient
635 2717 672 2736 as
694 2717 811 2747 wages
833 2706 864 2736 le
889 2707 970 2747 Roy.
989 2718 1003 2735 >2
1029 2706 1118 2736 Bibl.
1140 2717 1211 2746 roy.
1239 2706 1280 2737 de
1312 2707 1499 2745 Bruxelles,
1521 2719 1585 2739 ως.

145 2769 150 2775 .
218 2764 233 2769 -
257 2757 286 2780 «1,
324 2751 365 2777 ,ζ
425 2752 467 2777 1⁸⁰.
